timestamp,price,quantity,side
2025-06-27 15:17:35.498,2435.39,0.0086,buy
2025-06-27 15:17:35.498,2435.39,0.005,buy
2025-06-27 15:17:35.498,2435.39,0.018,buy
2025-06-27 15:17:35.498,2435.39,0.0022,buy
2025-06-27 15:17:35.498,2435.39,0.0006,buy
2025-06-27 15:17:35.514,2435.39,0.0025,buy
2025-06-27 15:17:35.831,2435.39,0.0013,buy
2025-06-27 15:17:35.831,2435.39,0.0096,buy
2025-06-27 15:17:35.831,2435.39,0.0022,buy
2025-06-27 15:17:35.831,2435.39,0.006,buy
2025-06-27 15:17:35.831,2435.39,0.006,buy
2025-06-27 15:17:35.831,2435.39,0.2242,buy
2025-06-27 15:17:35.831,2435.39,0.0022,buy
2025-06-27 15:17:35.831,2435.39,0.0022,buy
2025-06-27 15:17:35.831,2435.39,0.005,buy
2025-06-27 15:17:35.831,2435.39,0.006,buy
2025-06-27 15:17:35.831,2435.39,0.0022,buy
2025-06-27 15:17:35.831,2435.39,0.006,buy
2025-06-27 15:17:35.831,2435.39,0.0022,buy
2025-06-27 15:17:35.831,2435.39,0.0022,buy
2025-06-27 15:17:35.831,2435.39,0.0021,buy
2025-06-27 15:17:35.831,2435.39,0.006,buy
2025-06-27 15:17:35.831,2435.39,0.006,buy
2025-06-27 15:17:35.831,2435.39,0.0021,buy
2025-06-27 15:17:35.831,2435.4,0.0022,buy
2025-06-27 15:17:35.831,2435.4,0.0022,buy
2025-06-27 15:17:35.831,2435.4,0.0335,buy
2025-06-27 15:17:35.831,2435.4,0.0022,buy
2025-06-27 15:17:35.831,2435.4,0.0022,buy
2025-06-27 15:17:35.831,2435.4,0.0022,buy
2025-06-27 15:17:35.831,2435.4,0.0022,buy
2025-06-27 15:17:35.831,2435.41,0.0022,buy
2025-06-27 15:17:35.831,2435.42,0.0021,buy
2025-06-27 15:17:35.831,2435.42,0.0022,buy
2025-06-27 15:17:35.831,2435.43,0.0022,buy
2025-06-27 15:17:35.831,2435.44,0.041,buy
2025-06-27 15:17:35.831,2435.44,0.0062,buy
2025-06-27 15:17:35.831,2435.44,0.041,buy
2025-06-27 15:17:35.831,2435.44,0.0021,buy
2025-06-27 15:17:35.831,2435.44,0.0022,buy
2025-06-27 15:17:35.831,2435.44,0.0024,buy
2025-06-27 15:17:35.831,2435.45,0.0022,buy
2025-06-27 15:17:35.831,2435.46,0.0022,buy
2025-06-27 15:17:35.831,2435.47,0.0022,buy
2025-06-27 15:17:35.831,2435.47,0.0024,buy
2025-06-27 15:17:35.831,2435.49,0.0022,buy
2025-06-27 15:17:35.831,2435.49,0.0021,buy
2025-06-27 15:17:35.831,2435.5,0.0022,buy
2025-06-27 15:17:35.831,2435.52,0.0021,buy
2025-06-27 15:17:35.831,2435.52,0.0022,buy
2025-06-27 15:17:35.831,2435.52,0.0022,buy
2025-06-27 15:17:35.831,2435.52,0.0082,buy
2025-06-27 15:17:35.831,2435.52,0.0103,buy
2025-06-27 15:17:35.831,2435.53,0.0024,buy
2025-06-27 15:17:35.831,2435.53,0.5555,buy
2025-06-27 15:17:35.831,2435.53,0.0021,buy
2025-06-27 15:17:35.831,2435.53,0.0021,buy
2025-06-27 15:17:36.296,2435.57,0.0073,buy
2025-06-27 15:17:36.497,2435.56,0.0041,sell
2025-06-27 15:17:37.562,2435.56,0.012,sell
2025-06-27 15:17:38.696,2435.56,0.006,sell
2025-06-27 15:17:38.696,2435.56,0.018,sell
2025-06-27 15:17:38.696,2435.56,0.0022,sell
2025-06-27 15:17:38.696,2435.56,0.005,sell
2025-06-27 15:17:38.696,2435.56,0.018,sell
2025-06-27 15:17:38.696,2435.56,0.0022,sell
2025-06-27 15:17:38.696,2435.56,0.006,sell
2025-06-27 15:17:38.696,2435.56,0.006,sell
2025-06-27 15:17:38.696,2435.56,0.006,sell
2025-06-27 15:17:38.696,2435.56,0.006,sell
2025-06-27 15:17:38.696,2435.56,0.0703,sell
2025-06-27 15:17:38.696,2435.56,0.0022,sell
2025-06-27 15:17:38.696,2435.56,0.0022,sell
2025-06-27 15:17:38.696,2435.56,0.006,sell
2025-06-27 15:17:38.696,2435.56,0.0022,sell
2025-06-27 15:17:38.696,2435.56,0.0021,sell
2025-06-27 15:17:38.697,2435.56,0.0021,sell
2025-06-27 15:17:38.697,2435.55,0.0022,sell
2025-06-27 15:17:38.697,2435.55,0.0022,sell
2025-06-27 15:17:38.697,2435.55,0.0021,sell
2025-06-27 15:17:38.697,2435.55,0.0022,sell
2025-06-27 15:17:38.702,2435.54,0.1821,sell
2025-06-27 15:17:38.702,2435.54,0.0022,sell
2025-06-27 15:17:38.709,2435.54,0.006,sell
2025-06-27 15:17:38.709,2435.54,0.0022,sell
2025-06-27 15:17:38.709,2435.54,0.0022,sell
2025-06-27 15:17:38.709,2435.54,0.0022,sell
2025-06-27 15:17:38.709,2435.54,0.0022,sell
2025-06-27 15:17:38.709,2435.54,0.0021,sell
2025-06-27 15:17:38.709,2435.54,0.0022,sell
2025-06-27 15:17:38.709,2435.54,0.0022,sell
2025-06-27 15:17:38.709,2435.54,0.0022,sell
2025-06-27 15:17:38.709,2435.54,0.0022,sell
2025-06-27 15:17:38.712,2435.54,0.0022,sell
2025-06-27 15:17:38.712,2435.54,0.0021,sell
2025-06-27 15:17:38.712,2435.54,0.0043,sell
2025-06-27 15:17:38.716,2435.54,0.0017,sell
2025-06-27 15:17:38.716,2435.54,0.0022,sell
2025-06-27 15:17:38.716,2435.54,0.0021,sell
2025-06-27 15:17:38.724,2435.54,0.006,sell
2025-06-27 15:17:38.724,2435.54,0.0022,sell
2025-06-27 15:17:38.730,2435.54,0.0021,sell
2025-06-27 15:17:38.730,2435.54,0.0049,sell
2025-06-27 15:17:38.735,2435.54,0.0022,sell
2025-06-27 15:17:38.735,2435.54,0.006,sell
2025-06-27 15:17:38.735,2435.54,0.0021,sell
2025-06-27 15:17:38.737,2435.53,0.0022,sell
2025-06-27 15:17:38.737,2435.53,0.0022,sell
2025-06-27 15:17:38.737,2435.53,0.0022,sell
2025-06-27 15:17:38.737,2435.53,0.0022,sell
2025-06-27 15:17:38.737,2435.53,0.0022,sell
2025-06-27 15:17:38.737,2435.53,0.0021,sell
2025-06-27 15:17:38.737,2435.53,0.0021,sell
2025-06-27 15:17:38.737,2435.52,0.0021,sell
2025-06-27 15:17:38.737,2435.52,0.0022,sell
2025-06-27 15:17:38.737,2435.51,0.0022,sell
2025-06-27 15:17:38.737,2435.5,0.0022,sell
2025-06-27 15:17:38.737,2435.49,0.0055,sell
2025-06-27 15:17:38.737,2435.49,0.0022,sell
2025-06-27 15:17:38.737,2435.48,0.0021,sell
2025-06-27 15:17:38.737,2435.48,0.0022,sell
2025-06-27 15:17:38.737,2435.47,0.0022,sell
2025-06-27 15:17:38.737,2435.47,0.0068,sell
2025-06-27 15:17:38.737,2435.46,0.0022,sell
2025-06-27 15:17:38.737,2435.45,0.0022,sell
2025-06-27 15:17:38.737,2435.44,0.0022,sell
2025-06-27 15:17:38.737,2435.43,0.0082,sell
2025-06-27 15:17:38.737,2435.43,0.0022,sell
2025-06-27 15:17:38.737,2435.41,0.0103,sell
2025-06-27 15:17:38.737,2435.41,0.0055,sell
2025-06-27 15:17:38.739,2435.4,0.0022,sell
2025-06-27 15:17:38.739,2435.39,0.0021,sell
2025-06-27 15:17:38.739,2435.39,0.0021,sell
2025-06-27 15:17:39.610,2435.39,1.2024,buy
2025-06-27 15:17:41.609,2435.38,0.0032,sell
2025-06-27 15:17:41.871,2435.39,0.0203,buy
2025-06-27 15:17:42.044,2435.39,0.261,buy
2025-06-27 15:17:42.044,2435.39,2.9843,buy
2025-06-27 15:17:42.045,2435.39,0.4407,buy
2025-06-27 15:17:42.047,2435.39,0.4004,buy
2025-06-27 15:17:42.048,2435.39,0.006,buy
2025-06-27 15:17:42.048,2435.39,0.006,buy
2025-06-27 15:17:42.048,2435.39,0.0021,buy
2025-06-27 15:17:42.048,2435.39,0.2,buy
2025-06-27 15:17:42.048,2435.39,0.2091,buy
2025-06-27 15:17:42.050,2435.39,0.5909,buy
2025-06-27 15:17:42.050,2435.39,0.018,buy
2025-06-27 15:17:42.050,2435.39,0.337,buy
2025-06-27 15:17:42.050,2435.39,0.6603,buy
2025-06-27 15:17:42.050,2435.39,1.6,buy
2025-06-27 15:17:42.050,2435.39,0.4,buy
2025-06-27 15:17:42.050,2435.39,0.0082,buy
2025-06-27 15:17:42.050,2435.39,0.018,buy
2025-06-27 15:17:42.050,2435.39,0.0022,buy
2025-06-27 15:17:42.050,2435.39,4.758,buy
2025-06-27 15:17:42.050,2435.39,0.3677,buy
2025-06-27 15:17:42.050,2435.39,1.0426,buy
2025-06-27 15:17:42.050,2435.39,0.005,buy
2025-06-27 15:17:42.050,2435.39,0.0254,buy
2025-06-27 15:17:42.050,2435.39,0.0258,buy
2025-06-27 15:17:42.050,2435.39,0.0021,buy
2025-06-27 15:17:42.050,2435.39,0.0021,buy
2025-06-27 15:17:42.050,2435.39,1.7405,buy
2025-06-27 15:17:42.050,2435.39,4.5595,buy
2025-06-27 15:17:42.050,2435.39,0.0021,buy
2025-06-27 15:17:42.050,2435.4,0.0022,buy
2025-06-27 15:17:42.050,2435.4,0.0022,buy
2025-06-27 15:17:42.050,2435.41,0.0022,buy
2025-06-27 15:17:42.050,2435.41,0.0024,buy
2025-06-27 15:17:42.050,2435.41,0.006,buy
2025-06-27 15:17:42.050,2435.41,0.006,buy
2025-06-27 15:17:42.050,2435.41,0.0021,buy
2025-06-27 15:17:42.050,2435.41,0.0021,buy
2025-06-27 15:17:42.050,2435.43,0.0022,buy
2025-06-27 15:17:42.050,2435.44,0.0022,buy
2025-06-27 15:17:42.050,2435.44,0.0022,buy
2025-06-27 15:17:42.050,2435.45,0.25,buy
2025-06-27 15:17:42.050,2435.45,0.0022,buy
2025-06-27 15:17:42.050,2435.46,0.0022,buy
2025-06-27 15:17:42.050,2435.46,0.0045,buy
2025-06-27 15:17:42.050,2435.47,0.0022,buy
2025-06-27 15:17:42.050,2435.48,0.0045,buy
2025-06-27 15:17:42.050,2435.48,0.0022,buy
2025-06-27 15:17:42.050,2435.49,0.0022,buy
2025-06-27 15:17:42.050,2435.5,0.002,buy
2025-06-27 15:17:42.051,2435.5,0.0002,buy
2025-06-27 15:17:42.051,2435.51,0.0083,buy
2025-06-27 15:17:42.051,2435.51,0.0022,buy
2025-06-27 15:17:42.051,2435.51,0.0022,buy
2025-06-27 15:17:42.051,2435.52,0.0021,buy
2025-06-27 15:17:42.051,2435.52,0.816,buy
2025-06-27 15:17:42.051,2435.52,0.0022,buy
2025-06-27 15:17:42.051,2435.52,0.2,buy
2025-06-27 15:17:42.051,2435.52,0.0021,buy
2025-06-27 15:17:42.051,2435.52,0.0021,buy
2025-06-27 15:17:42.051,2435.53,0.5,buy
2025-06-27 15:17:42.051,2435.53,0.0021,buy
2025-06-27 15:17:42.051,2435.53,0.0021,buy
2025-06-27 15:17:42.051,2435.54,0.0022,buy
2025-06-27 15:17:42.051,2435.54,0.0041,buy
2025-06-27 15:17:42.051,2435.55,0.792,buy
2025-06-27 15:17:42.051,2435.55,0.768,buy
2025-06-27 15:17:42.051,2435.55,0.0021,buy
2025-06-27 15:17:42.051,2435.55,0.0021,buy
2025-06-27 15:17:42.051,2435.56,0.0022,buy
2025-06-27 15:17:42.051,2435.57,0.0047,buy
2025-06-27 15:17:42.051,2435.57,0.041,buy
2025-06-27 15:17:42.051,2435.57,0.041,buy
2025-06-27 15:17:42.051,2435.57,0.4714,buy
2025-06-27 15:17:42.051,2435.57,0.0021,buy
2025-06-27 15:17:42.051,2435.57,0.0022,buy
2025-06-27 15:17:42.051,2435.57,0.0021,buy
2025-06-27 15:17:42.051,2435.58,0.0044,buy
2025-06-27 15:17:42.051,2435.58,1.08,buy
2025-06-27 15:17:42.051,2435.58,0.0021,buy
2025-06-27 15:17:42.051,2435.58,0.0021,buy
2025-06-27 15:17:42.051,2435.59,0.0022,buy
2025-06-27 15:17:42.051,2435.6,0.5033,buy
2025-06-27 15:17:42.051,2435.6,0.264,buy
2025-06-27 15:17:42.051,2435.6,0.0022,buy
2025-06-27 15:17:42.051,2435.61,0.672,buy
2025-06-27 15:17:42.051,2435.61,0.624,buy
2025-06-27 15:17:42.051,2435.62,0.0149,buy
2025-06-27 15:17:42.051,2435.62,0.0261,buy
2025-06-27 15:17:42.051,2435.63,0.056,buy
2025-06-27 15:17:42.051,2435.64,0.0021,buy
2025-06-27 15:17:42.051,2435.65,0.624,buy
2025-06-27 15:17:42.051,2435.66,0.0021,buy
2025-06-27 15:17:42.051,2435.69,0.0042,buy
2025-06-27 15:17:42.051,2435.69,0.4714,buy
2025-06-27 15:17:42.051,2435.69,0.0022,buy
2025-06-27 15:17:42.051,2435.7,0.1383,buy
2025-06-27 15:17:42.051,2435.71,0.0735,buy
2025-06-27 15:17:42.052,2435.71,0.3905,buy
2025-06-27 15:17:42.052,2435.71,0.0043,buy
2025-06-27 15:17:42.052,2435.71,0.4714,buy
2025-06-27 15:17:42.052,2435.71,1.9748,buy
2025-06-27 15:17:42.052,2435.71,0.4346,buy
2025-06-27 15:17:42.052,2435.71,0.7582,buy
2025-06-27 15:17:42.052,2435.72,0.0157,buy
2025-06-27 15:17:42.052,2435.72,0.0138,buy
2025-06-27 15:17:42.052,2435.75,0.4714,buy
2025-06-27 15:17:42.052,2435.75,0.0031,buy
2025-06-27 15:17:42.052,2435.75,2.3614,buy
2025-06-27 15:17:42.052,2435.76,0.003,buy
2025-06-27 15:17:42.052,2435.76,0.0021,buy
2025-06-27 15:17:42.052,2435.79,0.864,buy
2025-06-27 15:17:42.052,2435.81,0.0042,buy
2025-06-27 15:17:42.052,2435.82,2.4078,buy
2025-06-27 15:17:42.052,2435.82,0.1615,buy
2025-06-27 15:17:42.053,2435.82,2.4936,buy
2025-06-27 15:17:42.054,2435.82,1.143,buy
2025-06-27 15:17:42.054,2435.82,0.4071,buy
2025-06-27 15:17:42.054,2435.82,0.1372,buy
2025-06-27 15:17:42.054,2435.82,1.5905,buy
2025-06-27 15:17:42.054,2435.82,0.3453,buy
2025-06-27 15:17:42.054,2435.82,1.5905,buy
2025-06-27 15:17:42.055,2435.82,0.2637,buy
2025-06-27 15:17:42.055,2435.82,0.2476,buy
2025-06-27 15:17:42.055,2435.82,2.2168,buy
2025-06-27 15:17:42.055,2435.82,0.2214,buy
2025-06-27 15:17:42.055,2435.82,0.4713,buy
2025-06-27 15:17:42.055,2435.83,0.0199,buy
2025-06-27 15:17:42.055,2435.83,0.0021,buy
2025-06-27 15:17:42.055,2435.83,0.0121,buy
2025-06-27 15:17:42.055,2435.85,0.624,buy
2025-06-27 15:17:42.055,2435.86,0.1232,buy
2025-06-27 15:17:42.055,2435.87,0.4713,buy
2025-06-27 15:17:42.055,2435.87,0.4713,buy
2025-06-27 15:17:42.055,2435.87,1.6,buy
2025-06-27 15:17:42.055,2435.88,0.0021,buy
2025-06-27 15:17:42.055,2435.88,0.003,buy
2025-06-27 15:17:42.055,2435.88,0.1,buy
2025-06-27 15:17:42.055,2435.89,0.4714,buy
2025-06-27 15:17:42.055,2435.91,0.48,buy
2025-06-27 15:17:42.055,2435.91,0.624,buy
2025-06-27 15:17:42.055,2435.92,0.0042,buy
2025-06-27 15:17:42.055,2435.94,0.4713,buy
2025-06-27 15:17:42.055,2435.95,0.4713,buy
2025-06-27 15:17:42.055,2435.96,6.3,buy
2025-06-27 15:17:42.055,2435.98,0.0102,buy
2025-06-27 15:17:42.055,2435.99,0.0031,buy
2025-06-27 15:17:42.055,2436.0,0.003,buy
2025-06-27 15:17:42.055,2436.0,0.0021,buy
2025-06-27 15:17:42.055,2436.01,0.0021,buy
2025-06-27 15:17:42.055,2436.01,0.4713,buy
2025-06-27 15:17:42.055,2436.04,0.0042,buy
2025-06-27 15:17:42.055,2436.05,0.4,buy
2025-06-27 15:17:42.055,2436.06,0.4713,buy
2025-06-27 15:17:42.055,2436.06,0.4713,buy
2025-06-27 15:17:42.055,2436.07,6.7541,buy
2025-06-27 15:17:42.055,2436.07,2.4819,buy
2025-06-27 15:17:42.055,2436.08,0.0043,buy
2025-06-27 15:17:42.055,2436.09,0.2874,buy
2025-06-27 15:17:42.055,2436.11,0.1232,buy
2025-06-27 15:17:42.055,2436.12,0.0021,buy
2025-06-27 15:17:42.055,2436.12,0.003,buy
2025-06-27 15:17:42.057,2435.85,0.0021,buy
2025-06-27 15:17:42.057,2435.85,0.0021,buy
2025-06-27 15:17:42.057,2435.87,0.0021,buy
2025-06-27 15:17:42.057,2435.87,0.0021,buy
2025-06-27 15:17:42.057,2436.13,0.0206,buy
2025-06-27 15:17:42.057,2436.13,0.816,buy
2025-06-27 15:17:42.057,2436.15,5.5322,buy
2025-06-27 15:17:42.058,2435.9,0.0021,buy
2025-06-27 15:17:42.058,2435.9,0.0021,buy
2025-06-27 15:17:42.058,2435.91,0.0021,buy
2025-06-27 15:17:42.058,2435.91,0.0021,buy
2025-06-27 15:17:42.058,2435.94,0.0021,buy
2025-06-27 15:17:42.058,2435.94,0.0021,buy
2025-06-27 15:17:42.059,2435.88,0.0021,buy
2025-06-27 15:17:42.059,2435.88,0.0021,buy
2025-06-27 15:17:42.059,2435.89,0.0021,buy
2025-06-27 15:17:42.059,2435.89,0.0021,buy
2025-06-27 15:17:42.059,2435.93,0.0021,buy
2025-06-27 15:17:42.059,2435.93,0.0021,buy
2025-06-27 15:17:42.059,2435.99,0.0021,buy
2025-06-27 15:17:42.059,2435.99,0.0021,buy
2025-06-27 15:17:42.060,2436.15,1.4835,buy
2025-06-27 15:17:42.060,2436.15,0.3113,buy
2025-06-27 15:17:42.060,2436.15,0.8851,buy
2025-06-27 15:17:42.060,2436.16,0.0042,buy
2025-06-27 15:17:42.060,2436.16,0.2558,buy
2025-06-27 15:17:42.061,2436.06,0.0022,buy
2025-06-27 15:17:42.062,2436.16,0.5122,buy
2025-06-27 15:17:42.066,2436.1,0.0021,buy
2025-06-27 15:17:42.066,2436.1,0.0021,buy
2025-06-27 15:17:42.066,2436.15,0.0021,buy
2025-06-27 15:17:42.066,2436.15,0.0021,buy
2025-06-27 15:17:42.066,2436.19,0.0021,buy
2025-06-27 15:17:42.066,2436.19,0.4001,buy
2025-06-27 15:17:42.066,2436.19,1.0742,buy
2025-06-27 15:17:42.066,2436.2,0.2052,buy
2025-06-27 15:17:42.066,2436.21,7.1804,buy
2025-06-27 15:17:42.066,2436.21,0.6152,buy
2025-06-27 15:17:42.066,2436.21,0.5191,buy
2025-06-27 15:17:42.066,2436.21,6.3,buy
2025-06-27 15:17:42.066,2436.22,0.1642,buy
2025-06-27 15:17:42.066,2436.22,0.637,buy
2025-06-27 15:17:42.066,2436.22,0.624,buy
2025-06-27 15:17:42.066,2436.23,0.0031,buy
2025-06-27 15:17:42.066,2436.23,0.4864,buy
2025-06-27 15:17:42.066,2436.24,0.003,buy
2025-06-27 15:17:42.066,2436.24,0.0021,buy
2025-06-27 15:17:42.066,2436.24,0.4113,buy
2025-06-27 15:17:42.066,2436.26,0.0042,buy
2025-06-27 15:17:42.066,2436.29,0.0023,buy
2025-06-27 15:17:42.066,2436.3,5.8828,buy
2025-06-27 15:17:42.068,2436.17,0.0021,buy
2025-06-27 15:17:42.068,2436.17,0.0022,buy
2025-06-27 15:17:42.068,2436.17,0.0021,buy
2025-06-27 15:17:42.069,2436.18,0.0021,buy
2025-06-27 15:17:42.069,2436.18,0.0021,buy
2025-06-27 15:17:42.069,2436.21,0.0021,buy
2025-06-27 15:17:42.069,2436.21,0.0021,buy
2025-06-27 15:17:42.071,2436.22,0.0021,buy
2025-06-27 15:17:42.071,2436.22,0.0021,buy
2025-06-27 15:17:42.071,2436.23,0.0021,buy
2025-06-27 15:17:42.071,2436.23,0.0021,buy
2025-06-27 15:17:42.071,2436.24,0.0021,buy
2025-06-27 15:17:42.071,2436.24,0.0021,buy
2025-06-27 15:17:42.071,2436.3,2.1822,buy
2025-06-27 15:17:42.071,2436.3,3.0213,buy
2025-06-27 15:17:42.071,2436.32,1.4372,buy
2025-06-27 15:17:42.071,2436.35,0.1232,buy
2025-06-27 15:17:42.071,2436.35,0.0021,buy
2025-06-27 15:17:42.071,2436.35,0.0021,buy
2025-06-27 15:17:42.071,2436.36,0.0021,buy
2025-06-27 15:17:42.071,2436.36,0.003,buy
2025-06-27 15:17:42.071,2436.36,1.3645,buy
2025-06-27 15:17:42.071,2436.36,1.0358,buy
2025-06-27 15:17:42.071,2436.36,2.8659,buy
2025-06-27 15:17:42.071,2436.36,0.3341,buy
2025-06-27 15:17:42.071,2436.37,0.0021,buy
2025-06-27 15:17:42.071,2436.37,1.7729,buy
2025-06-27 15:17:42.072,2436.37,0.9218,buy
2025-06-27 15:17:42.072,2436.36,0.0021,buy
2025-06-27 15:17:42.072,2436.36,0.0021,buy
2025-06-27 15:17:42.072,2436.37,1.6968,buy
2025-06-27 15:17:42.074,2436.29,0.0022,buy
2025-06-27 15:17:42.074,2436.35,0.0022,buy
2025-06-27 15:17:42.074,2436.37,3.3616,buy
2025-06-27 15:17:42.077,2436.37,0.1,buy
2025-06-27 15:17:42.077,2436.37,0.0021,buy
2025-06-27 15:17:42.077,2436.37,0.0021,buy
2025-06-27 15:17:42.077,2436.38,0.0042,buy
2025-06-27 15:17:42.078,2436.4,1.056,buy
2025-06-27 15:17:42.083,2436.36,0.0021,buy
2025-06-27 15:17:42.083,2436.36,0.0021,buy
2025-06-27 15:17:42.083,2436.37,0.0024,buy
2025-06-27 15:17:42.083,2436.37,0.0295,buy
2025-06-27 15:17:42.083,2436.38,0.0021,buy
2025-06-27 15:17:42.083,2436.38,0.0021,buy
2025-06-27 15:17:42.088,2436.4,0.2016,buy
2025-06-27 15:17:42.088,2436.4,0.0021,buy
2025-06-27 15:17:42.088,2436.4,0.0021,buy
2025-06-27 15:17:42.089,2436.39,0.0207,sell
2025-06-27 15:17:42.089,2436.41,0.2022,buy
2025-06-27 15:17:42.089,2436.41,0.0021,buy
2025-06-27 15:17:42.089,2436.41,0.0021,buy
2025-06-27 15:17:42.089,2436.42,0.4374,buy
2025-06-27 15:17:42.089,2436.43,0.03,buy
2025-06-27 15:17:42.089,2436.45,0.0043,buy
2025-06-27 15:17:42.089,2436.47,0.0042,buy
2025-06-27 15:17:42.089,2436.47,0.0031,buy
2025-06-27 15:17:42.089,2436.48,0.0021,buy
2025-06-27 15:17:42.089,2436.48,0.003,buy
2025-06-27 15:17:42.089,2436.49,0.792,buy
2025-06-27 15:17:42.089,2436.49,0.0409,buy
2025-06-27 15:17:42.095,2436.39,0.0207,sell
2025-06-27 15:17:42.096,2436.41,0.0021,buy
2025-06-27 15:17:42.096,2436.41,0.0021,buy
2025-06-27 15:17:42.096,2436.43,0.0021,buy
2025-06-27 15:17:42.096,2436.43,0.0021,buy
2025-06-27 15:17:42.096,2436.47,0.0021,buy
2025-06-27 15:17:42.096,2436.47,0.0021,buy
2025-06-27 15:17:42.096,2436.48,0.0021,buy
2025-06-27 15:17:42.096,2436.48,0.0021,buy
2025-06-27 15:17:42.096,2436.49,0.0021,buy
2025-06-27 15:17:42.096,2436.49,0.0021,buy
2025-06-27 15:17:42.096,2436.5,2.0261,buy
2025-06-27 15:17:42.098,2436.5,1.6,buy
2025-06-27 15:17:42.099,2436.5,0.8,buy
2025-06-27 15:17:42.099,2436.5,0.4105,buy
2025-06-27 15:17:42.116,2436.49,0.0022,buy
2025-06-27 15:17:42.116,2436.5,0.7978,buy
2025-06-27 15:17:42.118,2436.5,0.0023,buy
2025-06-27 15:17:42.123,2436.5,1.6,buy
2025-06-27 15:17:42.155,2436.5,0.0319,buy
2025-06-27 15:17:42.155,2436.5,0.0021,buy
2025-06-27 15:17:42.155,2436.5,0.0022,buy
2025-06-27 15:17:42.155,2436.5,0.4136,buy
2025-06-27 15:17:42.155,2436.5,0.1008,buy
2025-06-27 15:17:42.155,2436.5,1.184,buy
2025-06-27 15:17:42.155,2436.5,0.0021,buy
2025-06-27 15:17:42.155,2436.51,0.0021,buy
2025-06-27 15:17:42.155,2436.51,0.0021,buy
2025-06-27 15:17:42.155,2436.54,0.4374,buy
2025-06-27 15:17:42.155,2436.54,0.0021,buy
2025-06-27 15:17:42.155,2436.54,0.0022,buy
2025-06-27 15:17:42.155,2436.54,0.0021,buy
2025-06-27 15:17:42.155,2436.55,0.0042,buy
2025-06-27 15:17:42.155,2436.55,0.0021,buy
2025-06-27 15:17:42.155,2436.55,0.0021,buy
2025-06-27 15:17:42.155,2436.55,0.0021,buy
2025-06-27 15:17:42.155,2436.56,0.0021,buy
2025-06-27 15:17:42.155,2436.56,0.0021,buy
2025-06-27 15:17:42.155,2436.59,0.0021,buy
2025-06-27 15:17:42.155,2436.59,0.0021,buy
2025-06-27 15:17:42.155,2436.6,0.0021,buy
2025-06-27 15:17:42.155,2436.6,0.1232,buy
2025-06-27 15:17:42.155,2436.6,0.003,buy
2025-06-27 15:17:42.155,2436.61,0.3771,buy
2025-06-27 15:17:42.155,2436.61,0.0021,buy
2025-06-27 15:17:42.155,2436.61,0.0021,buy
2025-06-27 15:17:42.155,2436.61,0.0021,buy
2025-06-27 15:17:42.155,2436.62,0.0206,buy
2025-06-27 15:17:42.155,2436.62,0.0021,buy
2025-06-27 15:17:42.155,2436.62,0.0021,buy
2025-06-27 15:17:42.155,2436.63,0.0021,buy
2025-06-27 15:17:42.155,2436.63,0.0021,buy
2025-06-27 15:17:42.155,2436.64,0.0021,buy
2025-06-27 15:17:42.155,2436.64,0.0021,buy
2025-06-27 15:17:42.155,2436.65,0.0021,buy
2025-06-27 15:17:42.155,2436.65,0.0021,buy
2025-06-27 15:17:42.155,2436.68,0.0021,buy
2025-06-27 15:17:42.155,2436.68,0.0021,buy
2025-06-27 15:17:42.155,2436.69,0.0021,buy
2025-06-27 15:17:42.155,2436.69,0.0021,buy
2025-06-27 15:17:42.155,2436.7,0.2052,buy
2025-06-27 15:17:42.155,2436.7,0.0021,buy
2025-06-27 15:17:42.155,2436.7,0.0021,buy
2025-06-27 15:17:42.155,2436.71,0.0031,buy
2025-06-27 15:17:42.155,2436.72,0.0021,buy
2025-06-27 15:17:42.155,2436.72,0.0021,buy
2025-06-27 15:17:42.155,2436.72,0.003,buy
2025-06-27 15:17:42.155,2436.74,0.1,buy
2025-06-27 15:17:42.155,2436.74,0.4,buy
2025-06-27 15:17:42.155,2436.76,1.2322,buy
2025-06-27 15:17:42.265,2436.54,1.2203,sell
2025-06-27 15:17:42.274,2436.55,1.704,buy
2025-06-27 15:17:42.274,2436.55,1.6,buy
2025-06-27 15:17:42.274,2436.55,0.2,buy
2025-06-27 15:17:42.274,2436.55,0.4,buy
2025-06-27 15:17:42.274,2436.55,0.006,buy
2025-06-27 15:17:42.274,2436.55,0.006,buy
2025-06-27 15:17:42.274,2436.55,0.0022,buy
2025-06-27 15:17:42.274,2436.55,0.0021,buy
2025-06-27 15:17:42.274,2436.55,0.8,buy
2025-06-27 15:17:42.274,2436.55,0.006,buy
2025-06-27 15:17:42.274,2436.55,0.006,buy
2025-06-27 15:17:42.274,2436.55,0.0022,buy
2025-06-27 15:17:42.274,2436.55,0.0022,buy
2025-06-27 15:17:42.274,2436.55,0.5393,buy
2025-06-27 15:17:42.274,2436.55,2.4628,buy
2025-06-27 15:17:42.274,2436.55,0.0021,buy
2025-06-27 15:17:42.274,2436.56,0.2626,buy
2025-06-27 15:17:42.274,2436.56,0.006,buy
2025-06-27 15:17:42.274,2436.56,0.006,buy
2025-06-27 15:17:42.274,2436.56,0.0022,buy
2025-06-27 15:17:42.274,2436.56,0.4844,buy
2025-06-27 15:17:42.274,2436.56,4.7203,buy
2025-06-27 15:17:42.274,2436.56,5.7453,buy
2025-06-27 15:17:42.274,2436.56,0.041,buy
2025-06-27 15:17:42.274,2436.58,0.0022,buy
2025-06-27 15:17:42.274,2436.59,0.0022,buy
2025-06-27 15:17:42.274,2436.59,0.006,buy
2025-06-27 15:17:42.274,2436.59,0.006,buy
2025-06-27 15:17:42.274,2436.59,0.0022,buy
2025-06-27 15:17:42.274,2436.6,0.0022,buy
2025-06-27 15:17:42.274,2436.6,1.7337,buy
2025-06-27 15:17:42.274,2436.6,0.006,buy
2025-06-27 15:17:42.274,2436.6,0.006,buy
2025-06-27 15:17:42.274,2436.6,0.0022,buy
2025-06-27 15:17:42.274,2436.6,0.0021,buy
2025-06-27 15:17:42.274,2436.61,0.0022,buy
2025-06-27 15:17:42.274,2436.61,0.0022,buy
2025-06-27 15:17:43.990,2436.63,0.003,sell
2025-06-27 15:17:44.427,2436.64,0.0055,buy
2025-06-27 15:17:45.579,2436.64,0.0355,buy
2025-06-27 15:17:45.579,2436.64,0.0362,buy
2025-06-27 15:17:45.893,2436.64,0.0048,buy
2025-06-27 15:17:45.893,2436.64,0.0021,buy
2025-06-27 15:17:45.893,2436.64,0.0042,buy
2025-06-27 15:17:48.700,2436.63,0.0205,sell
2025-06-27 15:17:49.107,2436.63,5.8765,sell
2025-06-27 15:17:49.107,2436.63,5.8,sell
2025-06-27 15:17:49.107,2436.63,0.0041,sell
2025-06-27 15:17:49.107,2436.63,0.018,sell
2025-06-27 15:17:49.107,2436.63,0.005,sell
2025-06-27 15:17:49.107,2436.63,0.8,sell
2025-06-27 15:17:49.107,2436.63,1.2722,sell
2025-06-27 15:17:49.107,2436.63,3.9998,sell
2025-06-27 15:17:49.107,2436.63,0.6,sell
2025-06-27 15:17:49.107,2436.63,0.0021,sell
2025-06-27 15:17:49.107,2436.63,0.6129,sell
2025-06-27 15:17:49.107,2436.63,0.0022,sell
2025-06-27 15:17:49.107,2436.63,0.0022,sell
2025-06-27 15:17:49.107,2436.63,0.0094,sell
2025-06-27 15:17:49.107,2436.63,0.0249,sell
2025-06-27 15:17:49.107,2436.63,0.0188,sell
2025-06-27 15:17:49.107,2436.63,0.0021,sell
2025-06-27 15:17:49.109,2436.63,0.0021,sell
2025-06-27 15:17:49.109,2436.63,0.002,sell
2025-06-27 15:17:49.109,2436.63,0.0001,sell
2025-06-27 15:17:49.109,2436.62,0.0022,sell
2025-06-27 15:17:49.109,2436.62,0.0022,sell
2025-06-27 15:17:49.109,2436.62,0.0021,sell
2025-06-27 15:17:49.109,2436.62,0.0021,sell
2025-06-27 15:17:49.109,2436.63,0.006,sell
2025-06-27 15:17:49.109,2436.54,0.0021,sell
2025-06-27 15:17:49.109,2436.54,0.0021,sell
2025-06-27 15:17:49.111,2436.52,0.0022,sell
2025-06-27 15:17:49.111,2436.52,0.0021,sell
2025-06-27 15:17:49.111,2436.52,0.0022,sell
2025-06-27 15:17:49.111,2436.52,0.0021,sell
2025-06-27 15:17:49.111,2436.51,0.0652,sell
2025-06-27 15:17:49.111,2436.51,0.0022,sell
2025-06-27 15:17:49.111,2436.51,0.0022,sell
2025-06-27 15:17:49.111,2436.48,0.041,sell
2025-06-27 15:17:49.111,2436.47,0.0022,sell
2025-06-27 15:17:49.111,2436.46,0.0021,sell
2025-06-27 15:17:49.111,2436.46,0.0022,sell
2025-06-27 15:17:49.111,2436.46,0.0021,sell
2025-06-27 15:17:49.111,2436.45,0.0043,sell
2025-06-27 15:17:49.111,2436.45,0.3891,sell
2025-06-27 15:17:49.111,2436.45,0.0021,sell
2025-06-27 15:17:49.111,2436.45,0.0021,sell
2025-06-27 15:17:49.115,2436.38,0.0021,sell
2025-06-27 15:17:49.115,2436.38,0.0022,sell
2025-06-27 15:17:49.115,2436.38,0.006,sell
2025-06-27 15:17:49.115,2436.38,0.0021,sell
2025-06-27 15:17:49.117,2436.37,0.738,sell
2025-06-27 15:17:49.164,2436.37,0.0022,sell
2025-06-27 15:17:49.164,2436.37,0.0022,sell
2025-06-27 15:17:49.164,2436.37,0.0022,sell
2025-06-27 15:17:49.164,2436.37,0.006,sell
2025-06-27 15:17:49.164,2436.37,0.0021,sell
2025-06-27 15:17:49.164,2436.37,0.0022,sell
2025-06-27 15:17:49.164,2436.37,0.0022,sell
2025-06-27 15:17:49.164,2436.37,0.0022,sell
2025-06-27 15:17:49.164,2436.37,0.0022,sell
2025-06-27 15:17:49.164,2436.37,0.006,sell
2025-06-27 15:17:49.164,2436.37,0.0022,sell
2025-06-27 15:17:49.164,2436.37,0.0022,sell
2025-06-27 15:17:49.164,2436.37,0.0021,sell
2025-06-27 15:17:49.164,2436.36,0.0022,sell
2025-06-27 15:17:49.164,2436.36,0.0022,sell
2025-06-27 15:17:49.164,2436.36,0.0022,sell
2025-06-27 15:17:49.164,2436.36,0.0022,sell
2025-06-27 15:17:49.164,2436.36,0.0022,sell
2025-06-27 15:17:49.164,2436.35,0.1232,sell
2025-06-27 15:17:49.164,2436.35,1.3516,sell
2025-06-27 15:17:49.164,2436.35,0.0021,sell
2025-06-27 15:17:49.164,2436.35,0.0022,sell
2025-06-27 15:17:49.164,2436.35,0.0021,sell
2025-06-27 15:17:49.164,2436.35,0.006,sell
2025-06-27 15:17:49.164,2436.35,0.006,sell
2025-06-27 15:17:49.164,2436.35,0.0021,sell
2025-06-27 15:17:49.164,2436.34,0.0021,sell
2025-06-27 15:17:49.164,2436.34,0.0021,sell
2025-06-27 15:17:49.164,2436.33,0.0021,sell
2025-06-27 15:17:49.164,2436.3,0.0022,sell
2025-06-27 15:17:49.164,2436.29,0.0021,sell
2025-06-27 15:17:49.164,2436.29,0.0021,sell
2025-06-27 15:17:49.164,2436.28,0.0042,sell
2025-06-27 15:17:49.164,2436.28,0.0021,sell
2025-06-27 15:17:49.166,2436.23,0.0021,sell
2025-06-27 15:17:49.166,2436.23,0.0021,sell
2025-06-27 15:17:49.173,2436.22,0.0031,sell
2025-06-27 15:17:49.173,2436.22,0.0021,sell
2025-06-27 15:17:49.173,2436.22,0.0022,sell
2025-06-27 15:17:49.173,2436.22,0.0022,sell
2025-06-27 15:17:49.173,2436.22,0.006,sell
2025-06-27 15:17:49.173,2436.22,0.0022,sell
2025-06-27 15:17:49.173,2436.22,0.006,sell
2025-06-27 15:17:49.173,2436.22,0.0021,sell
2025-06-27 15:17:49.173,2436.21,0.0022,sell
2025-06-27 15:17:49.173,2436.21,0.0022,sell
2025-06-27 15:17:49.173,2436.2,0.2052,sell
2025-06-27 15:17:49.173,2436.2,0.0021,sell
2025-06-27 15:17:49.173,2436.2,0.006,sell
2025-06-27 15:17:49.173,2436.2,0.006,sell
2025-06-27 15:17:49.173,2436.2,0.0021,sell
2025-06-27 15:17:49.176,2436.15,0.0022,sell
2025-06-27 15:17:49.176,2436.15,0.0021,sell
2025-06-27 15:17:49.176,2436.15,0.0022,sell
2025-06-27 15:17:49.176,2436.15,0.0021,sell
2025-06-27 15:17:49.230,2436.14,0.1,sell
2025-06-27 15:17:49.230,2436.14,0.0022,sell
2025-06-27 15:17:49.230,2436.14,0.0022,sell
2025-06-27 15:17:49.230,2436.14,0.0022,sell
2025-06-27 15:17:49.230,2436.14,0.0022,sell
2025-06-27 15:17:49.230,2436.14,0.0022,sell
2025-06-27 15:17:49.230,2436.14,0.0022,sell
2025-06-27 15:17:49.230,2436.14,0.0022,sell
2025-06-27 15:17:49.230,2436.14,0.006,sell
2025-06-27 15:17:49.230,2436.14,0.006,sell
2025-06-27 15:17:49.230,2436.14,0.0021,sell
2025-06-27 15:17:49.230,2436.14,0.2775,sell
2025-06-27 15:17:49.240,2436.14,6.9036,sell
2025-06-27 15:17:49.240,2436.14,0.0021,sell
2025-06-27 15:17:49.240,2436.14,0.006,sell
2025-06-27 15:17:49.240,2436.14,0.006,sell
2025-06-27 15:17:49.240,2436.14,0.594,sell
2025-06-27 15:17:49.241,2436.13,0.0206,sell
2025-06-27 15:17:49.241,2436.13,0.0022,sell
2025-06-27 15:17:49.241,2436.13,0.0022,sell
2025-06-27 15:17:49.241,2436.13,0.0022,sell
2025-06-27 15:17:49.241,2436.13,0.0022,sell
2025-06-27 15:17:49.241,2436.13,0.0021,sell
2025-06-27 15:17:49.241,2436.13,0.0021,sell
2025-06-27 15:17:49.255,2436.1,0.1232,sell
2025-06-27 15:17:49.255,2436.1,0.0021,sell
2025-06-27 15:17:49.255,2436.1,0.006,sell
2025-06-27 15:17:49.255,2436.1,0.0022,sell
2025-06-27 15:17:49.255,2436.1,0.006,sell
2025-06-27 15:17:49.255,2436.1,0.0022,sell
2025-06-27 15:17:49.255,2436.1,0.0022,sell
2025-06-27 15:17:49.255,2436.1,0.0022,sell
2025-06-27 15:17:49.255,2436.1,0.0021,sell
2025-06-27 15:17:49.255,2436.09,0.0042,sell
2025-06-27 15:17:49.255,2436.09,0.0022,sell
2025-06-27 15:17:49.255,2436.09,0.0022,sell
2025-06-27 15:17:49.255,2436.09,0.0022,sell
2025-06-27 15:17:49.255,2436.09,0.0022,sell
2025-06-27 15:17:49.255,2436.08,0.0043,sell
2025-06-27 15:17:49.255,2436.08,0.0021,sell
2025-06-27 15:17:49.255,2436.07,0.0068,sell
2025-06-27 15:17:49.255,2436.07,0.0055,sell
2025-06-27 15:17:49.255,2436.02,0.0021,sell
2025-06-27 15:17:49.255,2436.01,0.0103,sell
2025-06-27 15:17:49.255,2436.01,0.0083,sell
2025-06-27 15:17:49.255,2436.01,0.0055,sell
2025-06-27 15:17:49.255,2436.0,0.003,sell
2025-06-27 15:17:49.255,2435.98,0.0031,sell
2025-06-27 15:17:49.255,2435.95,0.0022,sell
2025-06-27 15:17:49.255,2435.95,0.0082,sell
2025-06-27 15:17:49.255,2435.94,0.1804,sell
2025-06-27 15:17:50.459,2435.94,0.0055,sell
2025-06-27 15:17:50.559,2435.95,1.8643,buy
2025-06-27 15:17:51.506,2435.95,0.0032,buy
2025-06-27 15:17:52.676,2435.94,0.0022,sell
2025-06-27 15:17:52.676,2435.94,0.0039,sell
2025-06-27 15:17:52.676,2435.94,0.0043,sell
2025-06-27 15:17:52.676,2435.94,0.005,sell
2025-06-27 15:17:52.676,2435.94,0.0022,sell
2025-06-27 15:17:52.676,2435.94,0.0022,sell
2025-06-27 15:17:52.676,2435.94,0.0022,sell
2025-06-27 15:17:52.676,2435.94,0.0022,sell
2025-06-27 15:17:52.676,2435.94,0.3883,sell
2025-06-27 15:17:53.177,2435.94,0.006,sell
2025-06-27 15:17:53.177,2435.94,0.0053,sell
2025-06-27 15:17:53.373,2435.95,0.0041,buy
2025-06-27 15:17:53.386,2435.94,0.0041,sell
2025-06-27 15:17:53.386,2435.94,0.005,sell
2025-06-27 15:17:53.386,2435.94,0.0022,sell
2025-06-27 15:17:53.386,2435.94,0.006,sell
2025-06-27 15:17:53.386,2435.94,0.0021,sell
2025-06-27 15:17:53.386,2435.94,0.006,sell
2025-06-27 15:17:53.386,2435.94,0.0021,sell
2025-06-27 15:17:53.411,2435.93,0.0022,sell
2025-06-27 15:17:53.411,2435.93,0.0022,sell
2025-06-27 15:17:53.411,2435.93,0.0006,sell
2025-06-27 15:17:53.472,2435.93,0.0016,sell
2025-06-27 15:17:53.472,2435.93,0.0297,sell
2025-06-27 15:17:53.472,2435.93,0.0022,sell
2025-06-27 15:17:53.472,2435.93,0.0022,sell
2025-06-27 15:17:53.472,2435.93,0.0022,sell
2025-06-27 15:17:53.472,2435.93,0.0021,sell
2025-06-27 15:17:53.472,2435.93,0.006,sell
2025-06-27 15:17:53.472,2435.93,0.006,sell
2025-06-27 15:17:53.472,2435.93,0.0022,sell
2025-06-27 15:17:53.472,2435.93,0.0022,sell
2025-06-27 15:17:53.472,2435.93,0.0022,sell
2025-06-27 15:17:53.472,2435.93,0.0041,sell
2025-06-27 15:17:53.472,2435.93,0.0022,sell
2025-06-27 15:17:53.472,2435.93,0.0021,sell
2025-06-27 15:17:53.472,2435.92,0.0022,sell
2025-06-27 15:17:53.472,2435.92,0.0022,sell
2025-06-27 15:17:53.472,2435.92,0.0022,sell
2025-06-27 15:17:53.472,2435.92,0.0443,sell
2025-06-27 15:17:53.472,2435.92,0.0022,sell
2025-06-27 15:17:53.472,2435.87,0.0044,sell
2025-06-27 15:17:53.473,2435.86,0.054,sell
2025-06-27 15:17:53.473,2435.86,0.0692,sell
2025-06-27 15:17:53.473,2435.86,0.0102,sell
2025-06-27 15:17:53.473,2435.81,0.0295,sell
2025-06-27 15:17:53.473,2435.81,0.0068,sell
2025-06-27 15:17:53.473,2435.81,0.0055,sell
2025-06-27 15:17:53.473,2435.78,0.0022,sell
2025-06-27 15:17:53.473,2435.78,0.0041,sell
2025-06-27 15:17:53.473,2435.77,0.0319,sell
2025-06-27 15:17:53.473,2435.77,0.0022,sell
2025-06-27 15:17:53.473,2435.77,1.7552,sell
2025-06-27 15:17:53.473,2435.77,0.0021,sell
2025-06-27 15:17:53.473,2435.77,0.0021,sell
2025-06-27 15:17:53.473,2435.76,0.0042,sell
2025-06-27 15:17:53.473,2435.76,0.3866,sell
2025-06-27 15:17:53.473,2435.76,0.0021,sell
2025-06-27 15:17:53.473,2435.76,0.0021,sell
2025-06-27 15:17:53.473,2435.75,0.0103,sell
2025-06-27 15:17:53.473,2435.75,0.0057,sell
2025-06-27 15:17:53.473,2435.75,0.0026,sell
2025-06-27 15:17:53.473,2435.75,0.0055,sell
2025-06-27 15:17:53.486,2435.71,0.0022,sell
2025-06-27 15:17:53.486,2435.71,0.0022,sell
2025-06-27 15:17:53.486,2435.71,0.0021,sell
2025-06-27 15:17:53.486,2435.71,0.006,sell
2025-06-27 15:17:53.486,2435.71,0.0022,sell
2025-06-27 15:17:53.486,2435.71,0.0022,sell
2025-06-27 15:17:53.486,2435.71,0.0022,sell
2025-06-27 15:17:53.486,2435.71,0.006,sell
2025-06-27 15:17:53.486,2435.71,0.0021,sell
2025-06-27 15:17:53.486,2435.7,0.2052,sell
2025-06-27 15:17:53.486,2435.7,0.03,sell
2025-06-27 15:17:53.486,2435.7,0.0022,sell
2025-06-27 15:17:53.486,2435.7,0.0022,sell
2025-06-27 15:17:53.486,2435.7,0.0022,sell
2025-06-27 15:17:53.486,2435.7,0.006,sell
2025-06-27 15:17:53.486,2435.7,0.0022,sell
2025-06-27 15:17:53.486,2435.7,0.006,sell
2025-06-27 15:17:53.486,2435.7,0.0022,sell
2025-06-27 15:17:53.486,2435.69,1.5585,sell
2025-06-27 15:17:53.486,2435.69,0.0021,sell
2025-06-27 15:17:53.486,2435.69,0.0082,sell
2025-06-27 15:17:53.486,2435.69,0.006,sell
2025-06-27 15:17:53.486,2435.69,0.006,sell
2025-06-27 15:17:53.486,2435.69,0.0021,sell
2025-06-27 15:17:53.486,2435.67,0.0021,sell
2025-06-27 15:17:53.486,2435.67,0.0022,sell
2025-06-27 15:17:53.486,2435.66,0.0021,sell
2025-06-27 15:17:53.486,2435.66,0.0021,sell
2025-06-27 15:17:53.486,2435.65,0.1,sell
2025-06-27 15:17:53.486,2435.65,0.0022,sell
2025-06-27 15:17:53.489,2435.64,0.0042,sell
2025-06-27 15:17:53.489,2435.64,0.0206,sell
2025-06-27 15:17:53.489,2435.64,0.0021,sell
2025-06-27 15:17:53.489,2435.64,0.0021,sell
2025-06-27 15:17:53.489,2435.63,0.0205,sell
2025-06-27 15:17:53.489,2435.63,0.0165,sell
2025-06-27 15:17:53.489,2435.61,0.1232,sell
2025-06-27 15:17:53.489,2435.61,0.1806,sell
2025-06-27 15:17:53.489,2435.61,0.0021,sell
2025-06-27 15:17:53.489,2435.61,0.0021,sell
2025-06-27 15:17:53.489,2435.6,0.0022,sell
2025-06-27 15:17:53.489,2435.59,0.0164,sell
2025-06-27 15:17:53.489,2435.59,0.0021,sell
2025-06-27 15:17:53.489,2435.59,0.0021,sell
2025-06-27 15:17:53.489,2435.58,0.0032,sell
2025-06-27 15:17:53.772,2435.59,0.0132,buy
2025-06-27 15:17:53.834,2435.58,0.001,sell
2025-06-27 15:17:53.834,2435.58,0.0021,sell
2025-06-27 15:17:54.376,2435.58,0.0244,sell
2025-06-27 15:17:54.376,2435.58,0.005,sell
2025-06-27 15:17:54.376,2435.58,0.0021,sell
2025-06-27 15:17:54.376,2435.58,0.006,sell
2025-06-27 15:17:54.376,2435.58,0.006,sell
2025-06-27 15:17:54.376,2435.58,0.0022,sell
2025-06-27 15:17:54.376,2435.58,0.0022,sell
2025-06-27 15:17:54.376,2435.58,0.0022,sell
2025-06-27 15:17:54.376,2435.58,0.0022,sell
2025-06-27 15:17:54.376,2435.58,0.0022,sell
2025-06-27 15:17:54.376,2435.58,0.0022,sell
2025-06-27 15:17:54.376,2435.58,0.0021,sell
2025-06-27 15:17:54.376,2435.57,0.0022,sell
2025-06-27 15:17:54.376,2435.57,0.0022,sell
2025-06-27 15:17:54.376,2435.57,0.0022,sell
2025-06-27 15:17:54.376,2435.57,0.0022,sell
2025-06-27 15:17:54.376,2435.57,0.0022,sell
2025-06-27 15:17:54.376,2435.57,0.0022,sell
2025-06-27 15:17:54.376,2435.56,0.0615,sell
2025-06-27 15:17:54.376,2435.56,0.0042,sell
2025-06-27 15:17:54.376,2435.54,0.0041,sell
2025-06-27 15:17:54.376,2435.52,0.003,sell
2025-06-27 15:17:54.376,2435.51,0.0055,sell
2025-06-27 15:17:54.376,2435.51,0.0068,sell
2025-06-27 15:17:54.376,2435.49,0.0319,sell
2025-06-27 15:17:54.376,2435.45,0.0082,sell
2025-06-27 15:17:54.376,2435.45,0.0103,sell
2025-06-27 15:17:54.376,2435.45,0.0055,sell
2025-06-27 15:17:54.376,2435.44,0.0041,sell
2025-06-27 15:17:54.376,2435.42,0.0022,sell
2025-06-27 15:17:54.376,2435.41,0.1837,sell
2025-06-27 15:17:54.734,2435.41,0.0032,sell
2025-06-27 15:17:55.951,2435.41,0.006,sell
2025-06-27 15:17:55.951,2435.41,0.0022,sell
2025-06-27 15:17:55.951,2435.41,0.0125,sell
2025-06-27 15:17:56.135,2435.42,0.0049,buy
2025-06-27 15:17:56.524,2435.42,0.0055,buy
2025-06-27 15:17:58.882,2435.42,0.018,buy
2025-06-27 15:17:58.882,2435.42,2.3685,buy
2025-06-27 15:17:58.882,2435.42,0.041,buy
2025-06-27 15:17:58.882,2435.42,0.041,buy
2025-06-27 15:17:58.882,2435.42,0.041,buy
2025-06-27 15:17:58.882,2435.42,0.0049,buy
2025-06-27 15:17:58.882,2435.42,0.018,buy
2025-06-27 15:17:58.882,2435.42,0.2,buy
2025-06-27 15:17:58.882,2435.42,0.006,buy
2025-06-27 15:17:58.882,2435.42,0.0021,buy
2025-06-27 15:17:58.882,2435.42,0.006,buy
2025-06-27 15:17:58.882,2435.42,0.0022,buy
2025-06-27 15:17:58.882,2435.42,0.0022,buy
2025-06-27 15:17:58.882,2435.42,0.0022,buy
2025-06-27 15:17:58.882,2435.42,0.006,buy
2025-06-27 15:17:58.882,2435.42,0.0021,buy
2025-06-27 15:17:58.882,2435.42,0.0022,buy
2025-06-27 15:17:58.882,2435.42,0.006,buy
2025-06-27 15:17:58.882,2435.42,0.0022,buy
2025-06-27 15:17:58.882,2435.42,0.0022,buy
2025-06-27 15:17:58.882,2435.42,0.0022,buy
2025-06-27 15:17:58.882,2435.42,0.0839,buy
2025-06-27 15:17:58.882,2435.42,0.0021,buy
2025-06-27 15:17:58.882,2435.42,0.0021,buy
2025-06-27 15:17:59.027,2435.43,0.0022,buy
2025-06-27 15:17:59.027,2435.43,0.0022,buy
2025-06-27 15:17:59.027,2435.43,0.1545,buy
2025-06-27 15:17:59.263,2435.43,0.0022,buy
2025-06-27 15:17:59.263,2435.43,0.0007,buy
2025-06-27 15:18:00.306,2435.43,0.0015,buy
2025-06-27 15:18:00.306,2435.43,0.0022,buy
2025-06-27 15:18:00.306,2435.43,0.0022,buy
2025-06-27 15:18:00.306,2435.43,0.0101,buy
2025-06-27 15:18:01.114,2435.43,0.2642,buy
2025-06-27 15:18:01.262,2435.43,0.009,buy
2025-06-27 15:18:02.004,2435.42,0.0055,sell
2025-06-27 15:18:03.214,2435.42,0.0197,sell
2025-06-27 15:18:03.317,2435.43,0.066,buy
2025-06-27 15:18:03.541,2435.42,1.0,sell
2025-06-27 15:18:03.956,2435.43,0.0881,buy
2025-06-27 15:18:06.190,2435.43,1.0193,buy
2025-06-27 15:18:06.190,2435.43,0.005,buy
2025-06-27 15:18:06.190,2435.43,0.0022,buy
2025-06-27 15:18:06.190,2435.43,0.4,buy
2025-06-27 15:18:06.190,2435.43,0.0302,buy
2025-06-27 15:18:06.190,2435.43,1.8232,buy
2025-06-27 15:18:06.201,2435.43,0.0411,buy
2025-06-27 15:18:06.340,2435.42,0.018,sell
2025-06-27 15:18:07.168,2435.43,0.0022,buy
2025-06-27 15:18:07.168,2435.43,0.0649,buy
2025-06-27 15:18:07.394,2435.43,0.0615,buy
2025-06-27 15:18:07.433,2435.43,0.0055,buy
2025-06-27 15:18:08.383,2435.43,0.0032,buy
2025-06-27 15:18:08.756,2435.43,0.9515,buy
2025-06-27 15:18:08.756,2435.43,0.005,buy
2025-06-27 15:18:08.756,2435.43,0.006,buy
2025-06-27 15:18:08.756,2435.43,0.0021,buy
2025-06-27 15:18:08.756,2435.43,0.006,buy
2025-06-27 15:18:08.756,2435.43,0.0022,buy
2025-06-27 15:18:08.756,2435.43,0.0022,buy
2025-06-27 15:18:08.756,2435.43,0.0022,buy
2025-06-27 15:18:08.756,2435.43,0.0022,buy
2025-06-27 15:18:08.756,2435.43,0.0022,buy
2025-06-27 15:18:08.756,2435.43,0.0021,buy
2025-06-27 15:18:08.756,2435.44,0.0022,buy
2025-06-27 15:18:08.756,2435.44,0.0022,buy
2025-06-27 15:18:08.756,2435.44,0.1045,buy
2025-06-27 15:18:08.756,2435.44,0.0022,buy
2025-06-27 15:18:08.756,2435.45,0.0022,buy
2025-06-27 15:18:08.756,2435.46,0.0022,buy
2025-06-27 15:18:08.756,2435.47,0.0022,buy
2025-06-27 15:18:08.757,2435.48,0.0022,buy
2025-06-27 15:18:08.757,2435.49,0.0018,buy
2025-06-27 15:18:08.758,2435.49,0.0004,buy
2025-06-27 15:18:08.758,2435.5,0.0022,buy
2025-06-27 15:18:08.758,2435.51,0.0022,buy
2025-06-27 15:18:08.758,2435.52,0.0022,buy
2025-06-27 15:18:08.758,2435.53,0.0022,buy
2025-06-27 15:18:08.758,2435.54,0.0101,buy
2025-06-27 15:18:08.758,2435.54,0.0021,buy
2025-06-27 15:18:08.758,2435.54,0.0022,buy
2025-06-27 15:18:08.758,2435.55,0.0055,buy
2025-06-27 15:18:08.758,2435.55,0.0068,buy
2025-06-27 15:18:08.761,2435.59,0.0042,buy
2025-06-27 15:18:08.761,2435.59,0.0022,buy
2025-06-27 15:18:08.761,2435.59,0.0021,buy
2025-06-27 15:18:08.761,2435.59,0.0042,buy
2025-06-27 15:18:09.201,2435.59,0.0411,sell
2025-06-27 15:18:11.213,2435.6,0.0472,buy
2025-06-27 15:18:11.399,2435.59,0.0032,sell
2025-06-27 15:18:12.359,2435.6,0.1557,buy
2025-06-27 15:18:13.036,2435.59,0.0055,sell
2025-06-27 15:18:13.669,2435.59,0.0072,sell
2025-06-27 15:18:14.030,2435.6,0.0322,buy
2025-06-27 15:18:14.182,2435.6,0.0032,buy
2025-06-27 15:18:14.189,2435.6,0.263,buy
2025-06-27 15:18:14.189,2435.6,0.2629,buy
2025-06-27 15:18:14.189,2435.6,0.0022,buy
2025-06-27 15:18:14.189,2435.6,0.0022,buy
2025-06-27 15:18:14.189,2435.6,0.0022,buy
2025-06-27 15:18:14.189,2435.6,0.0022,buy
2025-06-27 15:18:14.189,2435.6,0.0022,buy
2025-06-27 15:18:14.189,2435.6,0.641,buy
2025-06-27 15:18:14.189,2435.6,0.0166,buy
2025-06-27 15:18:14.189,2435.6,0.0022,buy
2025-06-27 15:18:14.189,2435.6,0.0022,buy
2025-06-27 15:18:14.189,2435.6,0.0021,buy
2025-06-27 15:18:14.189,2435.6,0.0049,buy
2025-06-27 15:18:14.189,2435.6,0.0022,buy
2025-06-27 15:18:14.189,2435.6,0.006,buy
2025-06-27 15:18:14.189,2435.6,0.006,buy
2025-06-27 15:18:14.189,2435.6,0.0021,buy
2025-06-27 15:18:14.189,2435.6,0.0022,buy
2025-06-27 15:18:14.189,2435.6,0.0021,buy
2025-06-27 15:18:14.189,2435.6,0.0021,buy
2025-06-27 15:18:14.189,2435.61,0.0022,buy
2025-06-27 15:18:14.189,2435.61,0.0022,buy
2025-06-27 15:18:14.189,2435.61,0.0022,buy
2025-06-27 15:18:14.189,2435.61,0.0022,buy
2025-06-27 15:18:14.189,2435.61,0.0021,buy
2025-06-27 15:18:14.189,2435.61,0.1403,buy
2025-06-27 15:18:14.189,2435.62,0.0022,buy
2025-06-27 15:18:14.189,2435.63,0.0022,buy
2025-06-27 15:18:14.189,2435.64,0.0022,buy
2025-06-27 15:18:14.189,2435.64,0.0021,buy
2025-06-27 15:18:14.189,2435.65,0.0022,buy
2025-06-27 15:18:14.189,2435.66,0.0022,buy
2025-06-27 15:18:14.189,2435.67,0.0022,buy
2025-06-27 15:18:14.189,2435.67,0.0055,buy
2025-06-27 15:18:14.189,2435.68,0.0022,buy
2025-06-27 15:18:14.189,2435.68,0.0021,buy
2025-06-27 15:18:14.189,2435.69,0.0022,buy
2025-06-27 15:18:14.189,2435.7,0.0022,buy
2025-06-27 15:18:14.189,2435.71,0.0043,buy
2025-06-27 15:18:14.189,2435.71,0.0199,buy
2025-06-27 15:18:14.189,2435.71,0.0022,buy
2025-06-27 15:18:14.189,2435.73,0.0082,buy
2025-06-27 15:18:14.189,2435.76,0.003,buy
2025-06-27 15:18:14.189,2435.77,0.0022,buy
2025-06-27 15:18:14.189,2435.78,0.4389,buy
2025-06-27 15:18:14.189,2435.78,0.0021,buy
2025-06-27 15:18:14.189,2435.78,0.0021,buy
2025-06-27 15:18:14.189,2435.84,0.0252,buy
2025-06-27 15:18:14.189,2435.84,0.0042,buy
2025-06-27 15:18:14.189,2435.84,0.0022,buy
2025-06-27 15:18:14.189,2435.85,0.5395,buy
2025-06-27 15:18:14.486,2435.85,0.0022,buy
2025-06-27 15:18:14.486,2435.85,0.0022,buy
2025-06-27 15:18:14.486,2435.85,0.1538,buy
2025-06-27 15:18:14.486,2435.85,0.0022,buy
2025-06-27 15:18:14.486,2435.85,0.012,buy
2025-06-27 15:18:16.210,2435.85,0.005,buy
2025-06-27 15:18:16.210,2435.85,0.3039,buy
2025-06-27 15:18:16.210,2435.85,0.0022,buy
2025-06-27 15:18:16.210,2435.85,0.006,buy
2025-06-27 15:18:16.210,2435.85,0.006,buy
2025-06-27 15:18:16.210,2435.85,0.0049,buy
2025-06-27 15:18:16.210,2435.85,0.0022,buy
2025-06-27 15:18:16.210,2435.85,0.0021,buy
2025-06-27 15:18:16.210,2435.85,0.006,buy
2025-06-27 15:18:16.210,2435.85,0.0022,buy
2025-06-27 15:18:16.210,2435.85,0.006,buy
2025-06-27 15:18:16.210,2435.85,0.0022,buy
2025-06-27 15:18:16.210,2435.85,0.0022,buy
2025-06-27 15:18:16.210,2435.85,0.0021,buy
2025-06-27 15:18:16.210,2435.86,0.1232,buy
2025-06-27 15:18:16.210,2435.86,0.0022,buy
2025-06-27 15:18:16.210,2435.86,0.0022,buy
2025-06-27 15:18:16.210,2435.86,0.0022,buy
2025-06-27 15:18:16.210,2435.86,0.0641,buy
2025-06-27 15:18:16.210,2435.86,0.006,buy
2025-06-27 15:18:16.210,2435.86,0.0022,buy
2025-06-27 15:18:16.210,2435.86,0.006,buy
2025-06-27 15:18:16.210,2435.86,0.0022,buy
2025-06-27 15:18:16.211,2435.87,0.0022,buy
2025-06-27 15:18:16.211,2435.88,0.003,buy
2025-06-27 15:18:16.211,2435.88,0.0022,buy
2025-06-27 15:18:16.211,2435.89,0.0022,buy
2025-06-27 15:18:16.211,2435.9,0.0022,buy
2025-06-27 15:18:16.211,2435.91,0.0022,buy
2025-06-27 15:18:16.213,2435.92,0.0022,buy
2025-06-27 15:18:16.213,2435.93,0.0022,buy
2025-06-27 15:18:16.213,2435.94,0.0022,buy
2025-06-27 15:18:16.213,2435.95,0.0022,buy
2025-06-27 15:18:16.213,2435.96,0.0022,buy
2025-06-27 15:18:16.222,2435.97,0.0068,buy
2025-06-27 15:18:16.222,2435.97,0.0022,buy
2025-06-27 15:18:16.222,2435.97,0.0022,buy
2025-06-27 15:18:16.222,2435.97,0.0022,buy
2025-06-27 15:18:16.222,2435.97,0.006,buy
2025-06-27 15:18:16.222,2435.97,0.006,buy
2025-06-27 15:18:16.222,2435.97,0.0022,buy
2025-06-27 15:18:16.222,2435.97,0.0022,buy
2025-06-27 15:18:16.222,2435.97,0.0022,buy
2025-06-27 15:18:16.222,2435.97,0.0756,buy
2025-06-27 15:18:16.222,2435.97,0.0022,buy
2025-06-27 15:18:16.222,2435.97,0.0021,buy
2025-06-27 15:18:16.222,2435.97,0.0022,buy
2025-06-27 15:18:16.222,2435.97,0.0298,buy
2025-06-27 15:18:16.222,2435.97,0.0021,buy
2025-06-27 15:18:16.222,2435.98,0.0022,buy
2025-06-27 15:18:16.222,2435.98,0.0022,buy
2025-06-27 15:18:16.222,2435.98,0.0022,buy
2025-06-27 15:18:16.222,2435.98,0.0022,buy
2025-06-27 15:18:16.227,2436.0,0.003,buy
2025-06-27 15:18:16.227,2436.0,0.0022,buy
2025-06-27 15:18:16.227,2436.0,0.0021,buy
2025-06-27 15:18:16.227,2436.0,0.0022,buy
2025-06-27 15:18:16.227,2436.0,0.0022,buy
2025-06-27 15:18:16.227,2436.0,0.006,buy
2025-06-27 15:18:16.227,2436.0,0.006,buy
2025-06-27 15:18:16.227,2436.0,0.0022,buy
2025-06-27 15:18:16.227,2436.0,0.0073,buy
2025-06-27 15:18:16.227,2436.0,0.0021,buy
2025-06-27 15:18:16.227,2436.01,0.0022,buy
2025-06-27 15:18:16.227,2436.01,0.0022,buy
2025-06-27 15:18:16.227,2436.02,0.0022,buy
2025-06-27 15:18:16.227,2436.03,0.0022,buy
2025-06-27 15:18:16.469,2436.08,0.0022,buy
2025-06-27 15:18:16.469,2436.08,0.0022,buy
2025-06-27 15:18:16.469,2436.08,0.0362,buy
2025-06-27 15:18:16.571,2436.07,0.0032,sell
2025-06-27 15:18:17.024,2436.08,0.0022,buy
2025-06-27 15:18:17.024,2436.08,0.0197,buy
2025-06-27 15:18:17.024,2436.08,0.0191,buy
2025-06-27 15:18:18.083,2436.07,0.0043,sell
2025-06-27 15:18:18.623,2436.08,0.0082,buy
2025-06-27 15:18:19.115,2436.08,0.0055,buy
2025-06-27 15:18:19.229,2436.08,0.0422,buy
2025-06-27 15:18:19.346,2436.07,0.041,sell
2025-06-27 15:18:19.354,2436.08,0.0041,buy
2025-06-27 15:18:20.425,2436.07,5.7,sell
2025-06-27 15:18:20.425,2436.07,5.7,sell
2025-06-27 15:18:20.425,2436.07,0.018,sell
2025-06-27 15:18:20.425,2436.07,0.0049,sell
2025-06-27 15:18:20.425,2436.07,0.018,sell
2025-06-27 15:18:20.425,2436.07,0.2413,sell
2025-06-27 15:18:20.425,2436.07,0.1348,sell
2025-06-27 15:18:20.425,2436.07,0.0021,sell
2025-06-27 15:18:20.425,2436.07,0.0022,sell
2025-06-27 15:18:20.425,2436.07,0.0022,sell
2025-06-27 15:18:20.425,2436.07,0.0022,sell
2025-06-27 15:18:20.425,2436.07,0.0022,sell
2025-06-27 15:18:20.425,2436.07,0.0021,sell
2025-06-27 15:18:20.425,2436.07,0.006,sell
2025-06-27 15:18:20.425,2436.07,0.006,sell
2025-06-27 15:18:20.425,2436.07,0.0021,sell
2025-06-27 15:18:20.425,2436.07,0.0021,sell
2025-06-27 15:18:20.425,2436.06,0.0021,sell
2025-06-27 15:18:20.425,2436.06,0.0022,sell
2025-06-27 15:18:20.425,2436.06,0.0022,sell
2025-06-27 15:18:20.425,2436.06,0.0022,sell
2025-06-27 15:18:20.425,2436.06,0.0022,sell
2025-06-27 15:18:20.430,2436.05,0.0022,sell
2025-06-27 15:18:20.430,2436.05,0.006,sell
2025-06-27 15:18:20.430,2436.05,0.006,sell
2025-06-27 15:18:20.430,2436.05,0.0021,sell
2025-06-27 15:18:20.430,2436.05,0.0022,sell
2025-06-27 15:18:20.430,2436.05,0.0022,sell
2025-06-27 15:18:20.430,2436.05,0.0021,sell
2025-06-27 15:18:20.430,2436.04,0.0021,sell
2025-06-27 15:18:20.430,2436.04,0.0022,sell
2025-06-27 15:18:20.430,2436.04,0.0022,sell
2025-06-27 15:18:20.430,2436.04,0.0022,sell
2025-06-27 15:18:20.430,2436.03,0.0022,sell
2025-06-27 15:18:20.430,2436.02,0.0022,sell
2025-06-27 15:18:20.430,2436.02,0.0041,sell
2025-06-27 15:18:20.430,2436.01,0.0021,sell
2025-06-27 15:18:20.430,2436.01,0.0022,sell
2025-06-27 15:18:20.430,2436.0,0.0022,sell
2025-06-27 15:18:20.430,2436.0,0.0045,sell
2025-06-27 15:18:20.430,2435.99,0.0022,sell
2025-06-27 15:18:20.430,2435.99,0.0022,sell
2025-06-27 15:18:20.457,2435.99,0.0032,buy
2025-06-27 15:18:20.466,2435.98,0.0022,sell
2025-06-27 15:18:20.466,2435.98,0.0021,sell
2025-06-27 15:18:20.466,2435.98,0.006,sell
2025-06-27 15:18:20.466,2435.98,0.006,sell
2025-06-27 15:18:20.466,2435.98,0.0022,sell
2025-06-27 15:18:20.466,2435.98,0.008,sell
2025-06-27 15:18:20.466,2435.98,0.0022,sell
2025-06-27 15:18:20.466,2435.98,0.012,sell
2025-06-27 15:18:20.466,2435.98,0.0022,sell
2025-06-27 15:18:20.466,2435.98,0.0022,sell
2025-06-27 15:18:20.466,2435.98,0.0021,sell
2025-06-27 15:18:20.466,2435.97,0.0022,sell
2025-06-27 15:18:20.466,2435.97,0.0022,sell
2025-06-27 15:18:20.466,2435.97,0.0022,sell
2025-06-27 15:18:20.466,2435.97,0.0041,sell
2025-06-27 15:18:20.466,2435.97,0.0022,sell
2025-06-27 15:18:20.466,2435.97,0.0022,sell
2025-06-27 15:18:20.509,2435.96,0.0022,sell
2025-06-27 15:18:20.509,2435.96,0.0022,sell
2025-06-27 15:18:20.509,2435.96,0.0021,sell
2025-06-27 15:18:20.509,2435.96,0.006,sell
2025-06-27 15:18:20.509,2435.96,0.006,sell
2025-06-27 15:18:20.509,2435.96,0.0022,sell
2025-06-27 15:18:20.509,2435.96,0.0022,sell
2025-06-27 15:18:20.509,2435.96,0.0022,sell
2025-06-27 15:18:20.509,2435.96,0.0022,sell
2025-06-27 15:18:20.509,2435.96,0.0022,sell
2025-06-27 15:18:20.509,2435.96,0.0022,sell
2025-06-27 15:18:20.509,2435.96,0.0022,sell
2025-06-27 15:18:20.509,2435.96,0.0049,sell
2025-06-27 15:18:20.509,2435.96,0.0022,sell
2025-06-27 15:18:20.509,2435.96,0.0049,sell
2025-06-27 15:18:20.509,2435.96,0.0021,sell
2025-06-27 15:18:20.511,2435.95,0.0021,sell
2025-06-27 15:18:20.511,2435.95,0.0022,sell
2025-06-27 15:18:20.511,2435.95,0.006,sell
2025-06-27 15:18:20.511,2435.95,0.006,sell
2025-06-27 15:18:20.511,2435.95,0.0022,sell
2025-06-27 15:18:20.511,2435.95,0.0022,sell
2025-06-27 15:18:20.511,2435.95,0.0022,sell
2025-06-27 15:18:20.511,2435.95,0.0022,sell
2025-06-27 15:18:20.511,2435.95,0.0021,sell
2025-06-27 15:18:20.514,2435.93,0.0022,sell
2025-06-27 15:18:20.514,2435.93,0.006,sell
2025-06-27 15:18:20.514,2435.93,0.006,sell
2025-06-27 15:18:20.514,2435.93,0.0021,sell
2025-06-27 15:18:20.514,2435.93,0.0022,sell
2025-06-27 15:18:20.514,2435.93,0.0022,sell
2025-06-27 15:18:20.514,2435.93,0.0022,sell
2025-06-27 15:18:20.514,2435.93,0.0022,sell
2025-06-27 15:18:20.514,2435.93,0.0021,sell
2025-06-27 15:18:20.514,2435.92,0.0022,sell
2025-06-27 15:18:20.514,2435.92,0.0022,sell
2025-06-27 15:18:20.514,2435.92,0.0022,sell
2025-06-27 15:18:20.514,2435.92,0.0022,sell
2025-06-27 15:18:20.514,2435.9,0.0022,sell
2025-06-27 15:18:20.514,2435.9,0.0022,sell
2025-06-27 15:18:20.515,2435.89,0.0021,sell
2025-06-27 15:18:20.515,2435.89,0.0022,sell
2025-06-27 15:18:20.515,2435.89,0.006,sell
2025-06-27 15:18:20.515,2435.89,0.006,sell
2025-06-27 15:18:20.515,2435.89,0.0021,sell
2025-06-27 15:18:20.515,2435.88,0.0022,sell
2025-06-27 15:18:20.517,2435.85,0.0022,sell
2025-06-27 15:18:20.517,2435.85,0.0021,sell
2025-06-27 15:18:20.517,2435.85,1.5146,sell
2025-06-27 15:18:20.519,2435.85,1.5189,sell
2025-06-27 15:18:20.897,2435.86,0.0438,buy
2025-06-27 15:18:20.980,2435.85,0.0021,sell
2025-06-27 15:18:20.980,2435.85,0.0022,sell
2025-06-27 15:18:20.980,2435.85,0.006,sell
2025-06-27 15:18:20.980,2435.85,0.006,sell
2025-06-27 15:18:20.980,2435.85,0.0022,sell
2025-06-27 15:18:20.980,2435.85,0.0022,sell
2025-06-27 15:18:20.980,2435.85,0.027,sell
2025-06-27 15:18:20.980,2435.85,0.0022,sell
2025-06-27 15:18:20.980,2435.85,0.0041,sell
2025-06-27 15:18:20.980,2435.85,0.005,sell
2025-06-27 15:18:20.980,2435.85,0.0188,sell
2025-06-27 15:18:20.980,2435.85,0.0022,sell
2025-06-27 15:18:20.980,2435.84,0.0044,sell
2025-06-27 15:18:20.980,2435.84,0.411,sell
2025-06-27 15:18:20.980,2435.84,0.0022,sell
2025-06-27 15:18:20.980,2435.84,0.0022,sell
2025-06-27 15:18:20.980,2435.84,0.0021,sell
2025-06-27 15:18:20.980,2435.84,0.006,sell
2025-06-27 15:18:20.980,2435.84,0.006,sell
2025-06-27 15:18:20.980,2435.84,0.0022,sell
2025-06-27 15:18:20.980,2435.84,0.0022,sell
2025-06-27 15:18:20.980,2435.84,0.0021,sell
2025-06-27 15:18:20.980,2435.83,0.0115,sell
2025-06-27 15:18:20.980,2435.83,0.0024,sell
2025-06-27 15:18:20.980,2435.83,0.0022,sell
2025-06-27 15:18:20.980,2435.82,0.0022,sell
2025-06-27 15:18:20.982,2435.8,0.0022,sell
2025-06-27 15:18:20.983,2435.79,0.0022,sell
2025-06-27 15:18:20.983,2435.78,0.0022,sell
2025-06-27 15:18:20.983,2435.77,0.0022,sell
2025-06-27 15:18:20.984,2435.76,0.003,sell
2025-06-27 15:18:20.984,2435.76,0.0022,sell
2025-06-27 15:18:20.984,2435.76,0.0022,sell
2025-06-27 15:18:20.984,2435.76,0.0024,sell
2025-06-27 15:18:20.984,2435.75,0.0022,sell
2025-06-27 15:18:20.984,2435.75,0.0021,sell
2025-06-27 15:18:20.984,2435.75,0.0021,sell
2025-06-27 15:18:20.984,2435.74,0.0022,sell
2025-06-27 15:18:20.984,2435.72,0.0028,sell
2025-06-27 15:18:20.984,2435.72,0.0119,sell
2025-06-27 15:18:20.984,2435.72,0.0147,sell
2025-06-27 15:18:20.984,2435.72,0.0022,sell
2025-06-27 15:18:20.984,2435.71,0.0043,sell
2025-06-27 15:18:20.984,2435.71,0.0022,sell
2025-06-27 15:18:20.984,2435.7,0.0021,sell
2025-06-27 15:18:20.984,2435.7,0.0021,sell
2025-06-27 15:18:20.991,2435.7,0.0022,sell
2025-06-27 15:18:20.992,2435.7,0.0022,sell
2025-06-27 15:18:20.992,2435.7,0.0022,sell
2025-06-27 15:18:20.992,2435.69,0.0022,sell
2025-06-27 15:18:20.997,2435.7,0.0022,sell
2025-06-27 15:18:20.997,2435.7,0.0022,sell
2025-06-27 15:18:20.997,2435.7,0.0022,sell
2025-06-27 15:18:20.997,2435.7,0.0022,sell
2025-06-27 15:18:20.997,2435.7,0.006,sell
2025-06-27 15:18:20.997,2435.7,0.006,sell
2025-06-27 15:18:20.997,2435.7,0.0021,sell
2025-06-27 15:18:20.997,2435.7,0.0021,sell
2025-06-27 15:18:20.997,2435.69,0.0022,sell
2025-06-27 15:18:20.997,2435.69,0.0022,sell
2025-06-27 15:18:20.997,2435.69,0.0022,sell
2025-06-27 15:18:20.997,2435.67,0.0022,sell
2025-06-27 15:18:20.997,2435.67,0.0022,sell
2025-06-27 15:18:20.997,2435.67,0.0021,sell
2025-06-27 15:18:20.997,2435.67,0.0022,sell
2025-06-27 15:18:20.997,2435.67,0.0021,sell
2025-06-27 15:18:21.855,2435.66,0.0022,sell
2025-06-27 15:18:21.855,2435.66,0.0022,sell
2025-06-27 15:18:21.855,2435.66,0.0022,sell
2025-06-27 15:18:21.855,2435.66,0.0022,sell
2025-06-27 15:18:21.855,2435.66,0.0022,sell
2025-06-27 15:18:21.855,2435.66,0.0022,sell
2025-06-27 15:18:21.855,2435.66,0.0022,sell
2025-06-27 15:18:21.855,2435.66,0.005,sell
2025-06-27 15:18:21.855,2435.66,0.006,sell
2025-06-27 15:18:21.855,2435.66,0.0022,sell
2025-06-27 15:18:21.855,2435.66,0.0021,sell
2025-06-27 15:18:21.855,2435.66,0.006,sell
2025-06-27 15:18:21.855,2435.66,0.0044,sell
2025-06-27 15:18:21.855,2435.66,0.0115,sell
2025-06-27 15:18:21.855,2435.66,0.0171,sell
2025-06-27 15:18:21.855,2435.66,0.0124,sell
2025-06-27 15:18:21.916,2435.67,0.0746,buy
2025-06-27 15:18:21.916,2435.67,2.6122,buy
2025-06-27 15:18:23.104,2435.66,0.0021,sell
2025-06-27 15:18:23.104,2435.66,0.006,sell
2025-06-27 15:18:23.104,2435.66,0.006,sell
2025-06-27 15:18:23.104,2435.66,0.0022,sell
2025-06-27 15:18:23.104,2435.66,0.0049,sell
2025-06-27 15:18:23.104,2435.66,0.0485,sell
2025-06-27 15:18:23.104,2435.66,0.029,sell
2025-06-27 15:18:23.299,2435.65,0.0022,sell
2025-06-27 15:18:23.299,2435.65,0.0022,sell
2025-06-27 15:18:23.299,2435.65,0.0022,sell
2025-06-27 15:18:23.299,2435.65,0.0022,sell
2025-06-27 15:18:23.299,2435.65,0.0021,sell
2025-06-27 15:18:23.299,2435.65,0.006,sell
2025-06-27 15:18:23.299,2435.65,0.006,sell
2025-06-27 15:18:23.299,2435.65,0.0022,sell
2025-06-27 15:18:23.299,2435.65,0.0022,sell
2025-06-27 15:18:23.299,2435.65,0.0022,sell
2025-06-27 15:18:23.299,2435.65,0.0022,sell
2025-06-27 15:18:23.299,2435.65,0.005,sell
2025-06-27 15:18:23.299,2435.65,0.0022,sell
2025-06-27 15:18:23.299,2435.65,0.0021,sell
2025-06-27 15:18:23.299,2435.64,0.0022,sell
2025-06-27 15:18:23.299,2435.64,0.0009,sell
2025-06-27 15:18:23.301,2435.64,0.0013,sell
2025-06-27 15:18:23.301,2435.64,0.0022,sell
2025-06-27 15:18:23.301,2435.64,0.0022,sell
2025-06-27 15:18:23.301,2435.64,0.0022,sell
2025-06-27 15:18:23.301,2435.64,0.0022,sell
2025-06-27 15:18:23.301,2435.64,0.0021,sell
2025-06-27 15:18:23.301,2435.64,0.0022,sell
2025-06-27 15:18:23.301,2435.64,0.0022,sell
2025-06-27 15:18:23.301,2435.64,0.0022,sell
2025-06-27 15:18:23.301,2435.64,0.0021,sell
2025-06-27 15:18:23.301,2435.63,0.0022,sell
2025-06-27 15:18:23.301,2435.63,0.0022,sell
2025-06-27 15:18:23.301,2435.63,0.0022,sell
2025-06-27 15:18:23.301,2435.63,0.0022,sell
2025-06-27 15:18:23.301,2435.63,0.0022,sell
2025-06-27 15:18:23.301,2435.62,0.0021,sell
2025-06-27 15:18:23.301,2435.62,0.0022,sell
2025-06-27 15:18:23.434,2435.61,0.1232,sell
2025-06-27 15:18:23.434,2435.61,0.0022,sell
2025-06-27 15:18:23.434,2435.61,0.0022,sell
2025-06-27 15:18:23.434,2435.61,0.006,sell
2025-06-27 15:18:23.434,2435.61,0.0022,sell
2025-06-27 15:18:23.434,2435.61,0.0022,sell
2025-06-27 15:18:23.434,2435.61,0.0022,sell
2025-06-27 15:18:23.434,2435.61,0.006,sell
2025-06-27 15:18:23.434,2435.61,0.0022,sell
2025-06-27 15:18:23.434,2435.61,0.0022,sell
2025-06-27 15:18:23.434,2435.61,0.0021,sell
2025-06-27 15:18:23.434,2435.61,0.0021,sell
2025-06-27 15:18:23.434,2435.61,0.0022,sell
2025-06-27 15:18:23.434,2435.61,0.0098,sell
2025-06-27 15:18:23.434,2435.61,0.0049,sell
2025-06-27 15:18:23.434,2435.61,0.0022,sell
2025-06-27 15:18:23.434,2435.61,0.0021,sell
2025-06-27 15:18:23.434,2435.61,0.0021,sell
2025-06-27 15:18:23.434,2435.6,0.0022,sell
2025-06-27 15:18:23.434,2435.6,0.0022,sell
2025-06-27 15:18:23.434,2435.6,0.0021,sell
2025-06-27 15:18:23.434,2435.6,0.0022,sell
2025-06-27 15:18:23.434,2435.6,0.0022,sell
2025-06-27 15:18:23.434,2435.6,0.0008,sell
2025-06-27 15:18:23.435,2435.6,0.0014,sell
2025-06-27 15:18:23.435,2435.6,0.0022,sell
2025-06-27 15:18:23.910,2435.59,0.0055,sell
2025-06-27 15:18:24.318,2435.6,0.0559,buy
2025-06-27 15:18:24.842,2435.59,0.0039,sell
2025-06-27 15:18:25.438,2435.59,0.0207,sell
2025-06-27 15:18:25.438,2435.59,0.4699,sell
2025-06-27 15:18:25.438,2435.59,0.0022,sell
2025-06-27 15:18:25.438,2435.59,0.0021,sell
2025-06-27 15:18:25.438,2435.59,0.006,sell
2025-06-27 15:18:25.438,2435.59,0.006,sell
2025-06-27 15:18:25.438,2435.59,0.0049,sell
2025-06-27 15:18:25.438,2435.59,0.0049,sell
2025-06-27 15:18:25.438,2435.59,0.7277,sell
2025-06-27 15:18:25.438,2435.59,0.0127,sell
2025-06-27 15:18:25.438,2435.59,0.0059,sell
2025-06-27 15:18:25.438,2435.59,0.0022,sell
2025-06-27 15:18:25.438,2435.59,0.0022,sell
2025-06-27 15:18:25.438,2435.59,0.0022,sell
2025-06-27 15:18:25.438,2435.59,0.0022,sell
2025-06-27 15:18:25.438,2435.59,0.0021,sell
2025-06-27 15:18:25.438,2435.58,0.0022,sell
2025-06-27 15:18:25.438,2435.58,0.0043,sell
2025-06-27 15:18:25.438,2435.58,0.0022,sell
2025-06-27 15:18:25.438,2435.57,0.0022,sell
2025-06-27 15:18:25.438,2435.56,0.0022,sell
2025-06-27 15:18:25.438,2435.55,0.0022,sell
2025-06-27 15:18:25.438,2435.54,0.0102,sell
2025-06-27 15:18:25.438,2435.54,0.0022,sell
2025-06-27 15:18:25.438,2435.53,0.0022,sell
2025-06-27 15:18:25.438,2435.52,0.003,sell
2025-06-27 15:18:25.438,2435.52,0.0022,sell
2025-06-27 15:18:25.438,2435.52,0.0055,sell
2025-06-27 15:18:25.438,2435.51,0.0022,sell
2025-06-27 15:18:25.438,2435.49,0.0021,sell
2025-06-27 15:18:25.438,2435.49,0.0022,sell
2025-06-27 15:18:25.438,2435.49,0.0024,sell
2025-06-27 15:18:25.438,2435.48,0.0319,sell
2025-06-27 15:18:25.438,2435.48,0.0022,sell
2025-06-27 15:18:25.438,2435.47,0.0022,sell
2025-06-27 15:18:25.438,2435.46,0.0082,sell
2025-06-27 15:18:25.438,2435.44,0.0022,sell
2025-06-27 15:18:25.438,2435.44,0.0024,sell
2025-06-27 15:18:25.438,2435.43,0.3145,sell
2025-06-27 15:18:25.438,2435.43,0.0207,sell
2025-06-27 15:18:25.438,2435.43,0.6648,sell
2025-06-27 15:18:25.438,2435.43,0.0021,sell
2025-06-27 15:18:25.438,2435.43,0.0021,sell
2025-06-27 15:18:25.438,2435.41,0.0022,sell
2025-06-27 15:18:25.438,2435.4,0.3861,sell
2025-06-27 15:18:25.438,2435.4,0.003,sell
2025-06-27 15:18:25.438,2435.4,1.0568,sell
2025-06-27 15:18:25.439,2435.4,0.378,sell
2025-06-27 15:18:25.439,2435.4,0.0021,sell
2025-06-27 15:18:25.439,2435.4,0.0021,sell
2025-06-27 15:18:25.439,2435.38,0.0446,sell
2025-06-27 15:18:25.439,2435.38,0.0023,sell
2025-06-27 15:18:25.439,2435.37,0.1232,sell
2025-06-27 15:18:25.439,2435.37,0.0024,sell
2025-06-27 15:18:25.439,2435.36,0.026,sell
2025-06-27 15:18:25.439,2435.36,0.0022,sell
2025-06-27 15:18:25.439,2435.35,1.4372,sell
2025-06-27 15:18:25.439,2435.34,0.0043,sell
2025-06-27 15:18:25.439,2435.34,0.3861,sell
2025-06-27 15:18:25.439,2435.34,0.0022,sell
2025-06-27 15:18:25.439,2435.34,0.0165,sell
2025-06-27 15:18:25.439,2435.31,0.1889,sell
2025-06-27 15:18:25.439,2435.31,0.0021,sell
2025-06-27 15:18:25.439,2435.3,0.0022,sell
2025-06-27 15:18:25.439,2435.29,0.0319,sell
2025-06-27 15:18:25.439,2435.29,0.3861,sell
2025-06-27 15:18:25.439,2435.29,0.1596,sell
2025-06-27 15:18:25.439,2435.29,0.2265,sell
2025-06-27 15:18:25.439,2435.28,0.003,sell
2025-06-27 15:18:25.439,2435.28,0.0021,sell
2025-06-27 15:18:25.439,2435.28,0.0024,sell
2025-06-27 15:18:25.439,2435.26,0.0031,sell
2025-06-27 15:18:25.439,2435.24,0.0329,sell
2025-06-27 15:18:25.439,2435.22,0.4,sell
2025-06-27 15:18:25.439,2435.22,0.0319,sell
2025-06-27 15:18:25.439,2435.22,0.0022,sell
2025-06-27 15:18:25.439,2435.21,0.0959,sell
2025-06-27 15:18:25.439,2435.21,0.7041,sell
2025-06-27 15:18:25.439,2435.2,0.2053,sell
2025-06-27 15:18:25.439,2435.19,0.0022,sell
2025-06-27 15:18:25.439,2435.18,0.6884,sell
2025-06-27 15:18:25.443,2435.18,0.0021,sell
2025-06-27 15:18:25.443,2435.18,0.0221,sell
2025-06-27 15:18:25.443,2435.18,0.0021,sell
2025-06-27 15:18:25.444,2435.16,0.0023,sell
2025-06-27 15:18:25.445,2435.17,1.4196,buy
2025-06-27 15:18:25.457,2435.16,0.0183,sell
2025-06-27 15:18:25.457,2435.16,0.003,sell
2025-06-27 15:18:25.457,2435.16,0.0021,sell
2025-06-27 15:18:25.457,2435.16,0.0021,sell
2025-06-27 15:18:25.457,2435.16,0.0022,sell
2025-06-27 15:18:25.457,2435.16,0.0022,sell
2025-06-27 15:18:25.457,2435.16,0.0022,sell
2025-06-27 15:18:25.457,2435.16,0.0022,sell
2025-06-27 15:18:25.457,2435.16,0.4157,sell
2025-06-27 15:18:26.100,2435.16,0.0096,sell
2025-06-27 15:18:26.100,2435.16,0.0022,sell
2025-06-27 15:18:26.100,2435.16,0.006,sell
2025-06-27 15:18:26.100,2435.16,0.0021,sell
2025-06-27 15:18:26.100,2435.16,0.006,sell
2025-06-27 15:18:26.100,2435.16,0.0049,sell
2025-06-27 15:18:26.100,2435.16,0.0022,sell
2025-06-27 15:18:26.100,2435.16,0.0022,sell
2025-06-27 15:18:26.100,2435.16,0.0022,sell
2025-06-27 15:18:26.100,2435.16,0.0021,sell
2025-06-27 15:18:26.100,2435.15,0.0022,sell
2025-06-27 15:18:26.100,2435.15,0.0022,sell
2025-06-27 15:18:26.100,2435.15,0.0022,sell
2025-06-27 15:18:26.100,2435.15,0.0022,sell
2025-06-27 15:18:26.100,2435.14,0.0022,sell
2025-06-27 15:18:26.100,2435.14,0.0043,sell
2025-06-27 15:18:26.100,2435.13,0.0822,sell
2025-06-27 15:18:26.763,2435.13,0.005,sell
2025-06-27 15:18:27.316,2435.14,0.0411,buy
2025-06-27 15:18:27.632,2435.14,1.0,buy
2025-06-27 15:18:27.634,2435.13,0.036,sell
2025-06-27 15:18:27.634,2435.13,0.0022,sell
2025-06-27 15:18:27.634,2435.13,0.0022,sell
2025-06-27 15:18:27.634,2435.13,0.0022,sell
2025-06-27 15:18:27.634,2435.13,0.0021,sell
2025-06-27 15:18:27.634,2435.13,0.0073,sell
2025-06-27 15:18:27.634,2435.13,0.0044,sell
2025-06-27 15:18:27.634,2435.13,0.0049,sell
2025-06-27 15:18:27.634,2435.13,0.0021,sell
2025-06-27 15:18:27.634,2435.13,0.006,sell
2025-06-27 15:18:27.634,2435.13,0.006,sell
2025-06-27 15:18:27.634,2435.13,0.3347,sell
2025-06-27 15:18:28.168,2435.13,0.174,sell
2025-06-27 15:18:28.753,2435.14,0.1264,buy
2025-06-27 15:18:28.754,2435.13,0.0292,sell
2025-06-27 15:18:28.977,2435.14,0.0095,buy
2025-06-27 15:18:28.983,2435.13,0.0032,sell
2025-06-27 15:18:31.014,2435.13,0.0022,sell
2025-06-27 15:18:31.014,2435.13,0.0049,sell
2025-06-27 15:18:31.014,2435.13,0.0021,sell
2025-06-27 15:18:31.014,2435.13,0.0042,sell
2025-06-27 15:18:31.014,2435.13,0.006,sell
2025-06-27 15:18:31.014,2435.13,0.006,sell
2025-06-27 15:18:31.014,2435.13,0.0021,sell
2025-06-27 15:18:31.014,2435.13,0.006,sell
2025-06-27 15:18:31.014,2435.13,0.006,sell
2025-06-27 15:18:31.014,2435.13,0.0073,sell
2025-06-27 15:18:31.014,2435.13,0.0052,sell
2025-06-27 15:18:31.014,2435.13,0.0022,sell
2025-06-27 15:18:31.014,2435.13,0.0022,sell
2025-06-27 15:18:31.014,2435.13,0.0022,sell
2025-06-27 15:18:31.014,2435.13,0.0022,sell
2025-06-27 15:18:31.014,2435.13,0.0021,sell
2025-06-27 15:18:31.014,2435.13,0.0021,sell
2025-06-27 15:18:31.014,2435.12,0.0022,sell
2025-06-27 15:18:31.014,2435.12,0.0115,sell
2025-06-27 15:18:31.014,2435.12,0.0022,sell
2025-06-27 15:18:31.076,2435.12,0.6202,buy
2025-06-27 15:18:31.282,2435.12,0.0102,buy
2025-06-27 15:18:31.325,2435.11,0.0022,sell
2025-06-27 15:18:31.325,2435.11,0.0022,sell
2025-06-27 15:18:31.325,2435.11,0.0022,sell
2025-06-27 15:18:31.325,2435.11,0.0041,sell
2025-06-27 15:18:31.325,2435.11,0.0022,sell
2025-06-27 15:18:31.325,2435.11,0.0042,sell
2025-06-27 15:18:31.325,2435.11,0.0021,sell
2025-06-27 15:18:31.325,2435.11,0.006,sell
2025-06-27 15:18:31.325,2435.11,0.006,sell
2025-06-27 15:18:31.325,2435.11,0.0022,sell
2025-06-27 15:18:31.325,2435.11,0.0049,sell
2025-06-27 15:18:31.325,2435.11,0.0021,sell
2025-06-27 15:18:31.325,2435.1,0.0022,sell
2025-06-27 15:18:31.325,2435.1,0.0042,sell
2025-06-27 15:18:31.325,2435.1,0.0022,sell
2025-06-27 15:18:31.325,2435.1,0.0022,sell
2025-06-27 15:18:31.325,2435.1,0.0018,sell
2025-06-27 15:18:31.326,2435.1,0.0004,sell
2025-06-27 15:18:31.326,2435.1,0.0022,sell
2025-06-27 15:18:31.326,2435.09,0.0022,sell
2025-06-27 15:18:31.326,2435.08,0.0018,sell
2025-06-27 15:18:31.327,2435.08,0.0004,sell
2025-06-27 15:18:31.327,2435.07,0.0022,sell
2025-06-27 15:18:31.327,2435.06,0.0022,sell
2025-06-27 15:18:31.327,2435.05,0.0022,sell
2025-06-27 15:18:31.327,2435.04,0.003,sell
2025-06-27 15:18:31.327,2435.04,0.0022,sell
2025-06-27 15:18:31.327,2435.03,0.0022,sell
2025-06-27 15:18:31.327,2435.02,0.0022,sell
2025-06-27 15:18:31.327,2435.01,0.0022,sell
2025-06-27 15:18:31.327,2435.01,0.0022,sell
2025-06-27 15:18:31.327,2435.0,0.027,sell
2025-06-27 15:18:31.327,2435.0,0.041,sell
2025-06-27 15:18:31.328,2435.0,0.032,sell
2025-06-27 15:18:31.328,2435.0,0.009,sell
2025-06-27 15:18:31.333,2435.01,0.006,buy
2025-06-27 15:18:31.334,2435.01,0.0063,buy
2025-06-27 15:18:31.336,2435.01,0.0042,buy
2025-06-27 15:18:31.350,2435.0,0.1551,sell
2025-06-27 15:18:31.350,2435.0,0.0022,sell
2025-06-27 15:18:31.350,2435.0,0.006,sell
2025-06-27 15:18:31.350,2435.0,0.006,sell
2025-06-27 15:18:31.350,2435.0,0.0022,sell
2025-06-27 15:18:31.350,2435.0,0.0022,sell
2025-06-27 15:18:31.350,2435.0,0.0022,sell
2025-06-27 15:18:31.350,2435.0,0.0022,sell
2025-06-27 15:18:31.350,2435.0,0.0021,sell
2025-06-27 15:18:31.350,2435.0,0.0023,sell
2025-06-27 15:18:31.350,2435.0,0.0021,sell
2025-06-27 15:18:31.350,2435.0,0.027,sell
2025-06-27 15:18:31.350,2435.0,0.0021,sell
2025-06-27 15:18:31.350,2435.0,0.0021,sell
2025-06-27 15:18:31.350,2434.99,0.0041,sell
2025-06-27 15:18:31.350,2434.99,0.0022,sell
2025-06-27 15:18:31.350,2434.99,0.0022,sell
2025-06-27 15:18:31.350,2434.99,0.0022,sell
2025-06-27 15:18:31.350,2434.99,0.0022,sell
2025-06-27 15:18:31.350,2434.99,0.0022,sell
2025-06-27 15:18:31.350,2434.99,0.0068,sell
2025-06-27 15:18:31.350,2434.99,0.0055,sell
2025-06-27 15:18:31.352,2434.97,0.03,sell
2025-06-27 15:18:31.352,2434.97,0.0022,sell
2025-06-27 15:18:31.383,2434.96,0.0032,sell
2025-06-27 15:18:31.392,2434.96,3.0762,sell
2025-06-27 15:18:31.392,2434.96,0.0021,sell
2025-06-27 15:18:31.392,2434.96,0.0022,sell
2025-06-27 15:18:31.392,2434.96,0.006,sell
2025-06-27 15:18:31.392,2434.96,0.0022,sell
2025-06-27 15:18:31.392,2434.96,0.0022,sell
2025-06-27 15:18:31.392,2434.96,0.0022,sell
2025-06-27 15:18:31.392,2434.96,0.006,sell
2025-06-27 15:18:31.392,2434.96,0.0022,sell
2025-06-27 15:18:31.392,2434.96,0.0022,sell
2025-06-27 15:18:31.392,2434.96,0.0022,sell
2025-06-27 15:18:31.392,2434.96,0.0022,sell
2025-06-27 15:18:31.392,2434.96,0.0022,sell
2025-06-27 15:18:31.392,2434.96,0.0098,sell
2025-06-27 15:18:31.392,2434.96,0.0021,sell
2025-06-27 15:18:31.394,2434.95,0.0022,sell
2025-06-27 15:18:31.394,2434.95,0.0022,sell
2025-06-27 15:18:31.394,2434.95,0.0022,sell
2025-06-27 15:18:31.394,2434.95,0.0022,sell
2025-06-27 15:18:31.394,2434.95,0.0022,sell
2025-06-27 15:18:31.394,2434.95,0.0021,sell
2025-06-27 15:18:31.394,2434.95,0.0021,sell
2025-06-27 15:18:31.394,2434.94,0.0022,sell
2025-06-27 15:18:31.394,2434.93,0.0021,sell
2025-06-27 15:18:31.394,2434.93,0.0022,sell
2025-06-27 15:18:31.394,2434.93,0.0103,sell
2025-06-27 15:18:31.394,2434.93,0.0082,sell
2025-06-27 15:18:31.394,2434.93,0.0055,sell
2025-06-27 15:18:31.394,2434.93,0.0021,sell
2025-06-27 15:18:31.394,2434.92,0.003,sell
2025-06-27 15:18:31.394,2434.92,0.0022,sell
2025-06-27 15:18:31.394,2434.89,0.0022,sell
2025-06-27 15:18:31.394,2434.88,0.0032,sell
2025-06-27 15:18:31.395,2434.88,0.041,sell
2025-06-27 15:18:31.395,2434.88,0.041,sell
2025-06-27 15:18:31.401,2434.88,0.0381,sell
2025-06-27 15:18:31.401,2434.88,0.0022,sell
2025-06-27 15:18:31.401,2434.88,0.0021,sell
2025-06-27 15:18:31.401,2434.88,0.0022,sell
2025-06-27 15:18:31.401,2434.88,0.0022,sell
2025-06-27 15:18:31.401,2434.88,0.0022,sell
2025-06-27 15:18:31.401,2434.88,0.0022,sell
2025-06-27 15:18:31.401,2434.88,0.0021,sell
2025-06-27 15:18:31.401,2434.87,0.0082,sell
2025-06-27 15:18:31.401,2434.87,0.0022,sell
2025-06-27 15:18:31.401,2434.87,0.0022,sell
2025-06-27 15:18:31.401,2434.87,0.0022,sell
2025-06-27 15:18:31.401,2434.87,0.0022,sell
2025-06-27 15:18:31.401,2434.87,0.0022,sell
2025-06-27 15:18:31.595,2434.86,0.0022,sell
2025-06-27 15:18:31.595,2434.86,0.0022,sell
2025-06-27 15:18:31.595,2434.86,0.0022,sell
2025-06-27 15:18:31.595,2434.86,0.0022,sell
2025-06-27 15:18:31.595,2434.86,0.0022,sell
2025-06-27 15:18:31.595,2434.86,0.0022,sell
2025-06-27 15:18:31.595,2434.86,0.006,sell
2025-06-27 15:18:31.595,2434.86,0.006,sell
2025-06-27 15:18:31.595,2434.86,0.0022,sell
2025-06-27 15:18:31.595,2434.86,0.0022,sell
2025-06-27 15:18:31.595,2434.86,0.0045,sell
2025-06-27 15:18:31.595,2434.86,0.0022,sell
2025-06-27 15:18:31.595,2434.86,0.0022,sell
2025-06-27 15:18:31.595,2434.85,0.0022,sell
2025-06-27 15:18:31.595,2434.85,0.0003,sell
2025-06-27 15:18:31.596,2434.85,0.0019,sell
2025-06-27 15:18:31.596,2434.85,0.0022,sell
2025-06-27 15:18:31.596,2434.85,0.0022,sell
2025-06-27 15:18:31.596,2434.85,0.0022,sell
2025-06-27 15:18:31.596,2434.85,0.0022,sell
2025-06-27 15:18:31.596,2434.84,0.0022,sell
2025-06-27 15:18:31.596,2434.83,0.0022,sell
2025-06-27 15:18:31.596,2434.82,0.0042,sell
2025-06-27 15:18:31.596,2434.82,0.0022,sell
2025-06-27 15:18:31.596,2434.81,0.0022,sell
2025-06-27 15:18:31.596,2434.8,0.003,sell
2025-06-27 15:18:31.596,2434.8,0.0022,sell
2025-06-27 15:18:31.596,2434.79,0.0022,sell
2025-06-27 15:18:31.596,2434.79,0.0055,sell
2025-06-27 15:18:31.596,2434.79,0.0044,sell
2025-06-27 15:18:31.596,2434.79,0.0024,sell
2025-06-27 15:18:31.596,2434.78,0.0022,sell
2025-06-27 15:18:31.596,2434.77,0.0022,sell
2025-06-27 15:18:31.596,2434.76,0.0022,sell
2025-06-27 15:18:31.596,2434.76,0.0294,sell
2025-06-27 15:18:31.596,2434.74,0.0022,sell
2025-06-27 15:18:31.596,2434.73,0.0004,sell
2025-06-27 15:18:31.604,2434.73,0.0082,sell
2025-06-27 15:18:31.604,2434.73,0.0103,sell
2025-06-27 15:18:31.604,2434.73,0.0055,sell
2025-06-27 15:18:31.604,2434.73,0.006,sell
2025-06-27 15:18:31.604,2434.73,0.006,sell
2025-06-27 15:18:31.604,2434.73,0.0022,sell
2025-06-27 15:18:31.604,2434.73,0.0021,sell
2025-06-27 15:18:31.604,2434.73,0.0022,sell
2025-06-27 15:18:31.604,2434.73,0.0022,sell
2025-06-27 15:18:31.604,2434.73,0.0022,sell
2025-06-27 15:18:31.604,2434.73,0.0022,sell
2025-06-27 15:18:31.604,2434.73,0.0021,sell
2025-06-27 15:18:31.606,2434.72,0.0022,sell
2025-06-27 15:18:31.606,2434.72,0.0022,sell
2025-06-27 15:18:31.606,2434.72,0.0022,sell
2025-06-27 15:18:31.606,2434.72,0.0022,sell
2025-06-27 15:18:31.606,2434.72,0.006,sell
2025-06-27 15:18:31.606,2434.72,0.006,sell
2025-06-27 15:18:31.606,2434.72,0.0021,sell
2025-06-27 15:18:31.606,2434.72,0.0022,sell
2025-06-27 15:18:31.606,2434.72,0.0022,sell
2025-06-27 15:18:31.606,2434.72,0.0022,sell
2025-06-27 15:18:31.606,2434.72,0.0022,sell
2025-06-27 15:18:31.606,2434.72,0.0021,sell
2025-06-27 15:18:31.606,2434.71,0.0022,sell
2025-06-27 15:18:31.606,2434.71,0.0022,sell
2025-06-27 15:18:31.606,2434.71,0.0022,sell
2025-06-27 15:18:31.606,2434.7,0.0006,sell
2025-06-27 15:18:31.606,2434.7,0.0036,sell
2025-06-27 15:18:31.606,2434.7,0.0374,sell
2025-06-27 15:18:31.606,2434.7,0.041,sell
2025-06-27 15:18:31.671,2434.71,0.1016,buy
2025-06-27 15:18:32.237,2434.71,0.0032,buy
2025-06-27 15:18:32.505,2434.71,0.4327,buy
2025-06-27 15:18:32.823,2434.7,0.041,sell
2025-06-27 15:18:32.823,2434.7,0.041,sell
2025-06-27 15:18:32.823,2434.7,0.041,sell
2025-06-27 15:18:33.105,2434.7,0.0039,sell
2025-06-27 15:18:33.105,2434.7,0.006,sell
2025-06-27 15:18:33.105,2434.7,0.006,sell
2025-06-27 15:18:33.105,2434.7,0.0022,sell
2025-06-27 15:18:33.105,2434.7,0.0022,sell
2025-06-27 15:18:33.105,2434.7,0.0022,sell
2025-06-27 15:18:33.105,2434.7,0.0022,sell
2025-06-27 15:18:33.105,2434.7,0.0042,sell
2025-06-27 15:18:33.105,2434.7,0.005,sell
2025-06-27 15:18:33.105,2434.7,0.0071,sell
2025-06-27 15:18:33.105,2434.7,0.0273,sell
2025-06-27 15:18:33.105,2434.7,0.0021,sell
2025-06-27 15:18:33.105,2434.7,0.0022,sell
2025-06-27 15:18:33.105,2434.7,0.0021,sell
2025-06-27 15:18:33.105,2434.69,0.0022,sell
2025-06-27 15:18:33.105,2434.69,0.0022,sell
2025-06-27 15:18:33.105,2434.69,0.0022,sell
2025-06-27 15:18:33.105,2434.69,0.0007,sell
2025-06-27 15:18:33.106,2434.69,0.0015,sell
2025-06-27 15:18:33.106,2434.69,0.0022,sell
2025-06-27 15:18:33.106,2434.68,0.003,sell
2025-06-27 15:18:33.106,2434.68,0.0022,sell
2025-06-27 15:18:33.106,2434.67,0.0206,sell
2025-06-27 15:18:33.106,2434.67,0.0022,sell
2025-06-27 15:18:33.106,2434.66,0.0022,sell
2025-06-27 15:18:33.106,2434.66,0.0022,sell
2025-06-27 15:18:33.106,2434.65,0.0049,sell
2025-06-27 15:18:33.328,2434.66,0.0246,buy
2025-06-27 15:18:33.710,2434.65,0.041,sell
2025-06-27 15:18:33.711,2434.65,0.041,sell
2025-06-27 15:18:33.711,2434.65,0.041,sell
2025-06-27 15:18:33.783,2434.65,0.041,sell
2025-06-27 15:18:33.786,2434.65,0.0365,sell
2025-06-27 15:18:33.786,2434.65,0.0022,sell
2025-06-27 15:18:33.786,2434.65,0.006,sell
2025-06-27 15:18:33.786,2434.65,0.0022,sell
2025-06-27 15:18:33.786,2434.65,0.0022,sell
2025-06-27 15:18:33.786,2434.65,0.0022,sell
2025-06-27 15:18:33.786,2434.65,0.006,sell
2025-06-27 15:18:33.786,2434.65,0.0021,sell
2025-06-27 15:18:33.786,2434.65,0.0121,sell
2025-06-27 15:18:33.786,2434.65,0.0044,sell
2025-06-27 15:18:33.786,2434.65,0.0049,sell
2025-06-27 15:18:33.786,2434.65,0.0021,sell
2025-06-27 15:18:33.786,2434.65,0.0022,sell
2025-06-27 15:18:33.786,2434.65,0.0078,sell
2025-06-27 15:18:33.786,2434.65,0.0021,sell
2025-06-27 15:18:33.786,2434.65,0.0021,sell
2025-06-27 15:18:34.004,2434.64,0.032,sell
2025-06-27 15:18:34.515,2434.64,0.0913,sell
2025-06-27 15:18:34.515,2434.64,0.0022,sell
2025-06-27 15:18:34.515,2434.64,0.0022,sell
2025-06-27 15:18:34.515,2434.64,0.0022,sell
2025-06-27 15:18:34.515,2434.64,0.0022,sell
2025-06-27 15:18:34.515,2434.64,0.0022,sell
2025-06-27 15:18:34.515,2434.64,0.006,sell
2025-06-27 15:18:34.515,2434.64,0.0021,sell
2025-06-27 15:18:34.515,2434.64,0.006,sell
2025-06-27 15:18:34.515,2434.64,0.0022,sell
2025-06-27 15:18:34.515,2434.64,0.0022,sell
2025-06-27 15:18:34.515,2434.64,0.0023,sell
2025-06-27 15:18:34.515,2434.64,0.0022,sell
2025-06-27 15:18:34.515,2434.64,0.005,sell
2025-06-27 15:18:34.515,2434.64,0.0022,sell
2025-06-27 15:18:34.515,2434.64,0.0022,sell
2025-06-27 15:18:34.515,2434.64,0.0021,sell
2025-06-27 15:18:34.515,2434.63,0.0022,sell
2025-06-27 15:18:34.515,2434.63,0.0022,sell
2025-06-27 15:18:34.515,2434.63,0.0022,sell
2025-06-27 15:18:34.515,2434.63,0.0022,sell
2025-06-27 15:18:34.515,2434.63,0.0022,sell
2025-06-27 15:18:34.515,2434.63,0.0022,sell
2025-06-27 15:18:34.515,2434.62,0.0022,sell
2025-06-27 15:18:34.515,2434.61,0.0022,sell
2025-06-27 15:18:34.515,2434.6,0.0021,sell
2025-06-27 15:18:34.515,2434.6,0.0022,sell
2025-06-27 15:18:34.515,2434.6,0.0022,sell
2025-06-27 15:18:34.515,2434.59,0.1253,sell
2025-06-27 15:18:34.615,2434.59,1.3696,sell
2025-06-27 15:18:34.615,2434.59,0.784,sell
2025-06-27 15:18:34.615,2434.59,0.0022,sell
2025-06-27 15:18:34.615,2434.59,0.0021,sell
2025-06-27 15:18:34.615,2434.59,0.006,sell
2025-06-27 15:18:34.615,2434.59,0.006,sell
2025-06-27 15:18:34.615,2434.59,0.0022,sell
2025-06-27 15:18:34.615,2434.59,0.0022,sell
2025-06-27 15:18:34.615,2434.59,0.0022,sell
2025-06-27 15:18:34.615,2434.59,0.0122,sell
2025-06-27 15:18:34.615,2434.59,0.0022,sell
2025-06-27 15:18:34.615,2434.59,0.005,sell
2025-06-27 15:18:34.617,2434.59,0.0022,sell
2025-06-27 15:18:34.617,2434.59,0.0022,sell
2025-06-27 15:18:34.617,2434.59,0.0021,sell
2025-06-27 15:18:34.617,2434.59,0.006,sell
2025-06-27 15:18:34.617,2434.59,0.006,sell
2025-06-27 15:18:34.617,2434.59,0.0021,sell
2025-06-27 15:18:34.617,2434.58,0.0555,sell
2025-06-27 15:18:34.617,2434.58,0.0022,sell
2025-06-27 15:18:34.617,2434.58,0.0022,sell
2025-06-27 15:18:34.617,2434.58,0.0022,sell
2025-06-27 15:18:34.617,2434.58,0.0022,sell
2025-06-27 15:18:34.617,2434.58,0.0022,sell
2025-06-27 15:18:34.617,2434.58,0.0022,sell
2025-06-27 15:18:34.617,2434.57,0.0022,sell
2025-06-27 15:18:34.617,2434.56,0.003,sell
2025-06-27 15:18:34.617,2434.56,0.0022,sell
2025-06-27 15:18:34.621,2434.55,0.026,sell
2025-06-27 15:18:36.426,2434.55,0.1092,sell
2025-06-27 15:18:36.426,2434.55,0.0022,sell
2025-06-27 15:18:36.426,2434.55,0.006,sell
2025-06-27 15:18:36.426,2434.55,0.006,sell
2025-06-27 15:18:36.426,2434.55,0.0022,sell
2025-06-27 15:18:36.426,2434.55,0.0022,sell
2025-06-27 15:18:36.426,2434.55,0.0022,sell
2025-06-27 15:18:36.426,2434.55,0.0022,sell
2025-06-27 15:18:36.426,2434.55,0.0022,sell
2025-06-27 15:18:36.426,2434.55,0.0021,sell
2025-06-27 15:18:36.426,2434.55,0.0022,sell
2025-06-27 15:18:36.426,2434.55,0.0022,sell
2025-06-27 15:18:36.426,2434.55,0.0022,sell
2025-06-27 15:18:36.426,2434.55,0.0098,sell
2025-06-27 15:18:36.426,2434.55,0.0022,sell
2025-06-27 15:18:36.426,2434.55,0.005,sell
2025-06-27 15:18:36.426,2434.55,0.0021,sell
2025-06-27 15:18:36.428,2434.54,0.0022,sell
2025-06-27 15:18:36.428,2434.54,0.0022,sell
2025-06-27 15:18:36.428,2434.54,0.0022,sell
2025-06-27 15:18:36.428,2434.54,0.0022,sell
2025-06-27 15:18:36.428,2434.54,0.0022,sell
2025-06-27 15:18:36.428,2434.54,0.006,sell
2025-06-27 15:18:36.428,2434.54,0.006,sell
2025-06-27 15:18:36.428,2434.52,0.0022,sell
2025-06-27 15:18:36.428,2434.5,0.0021,sell
2025-06-27 15:18:36.428,2434.5,0.0022,sell
2025-06-27 15:18:36.429,2434.49,0.0022,sell
2025-06-27 15:18:36.430,2434.48,0.0022,sell
2025-06-27 15:18:36.430,2434.47,0.0022,sell
2025-06-27 15:18:36.430,2434.46,0.0209,sell
2025-06-27 15:18:36.430,2434.46,0.0294,sell
2025-06-27 15:18:36.430,2434.46,0.0022,sell
2025-06-27 15:18:36.430,2434.44,0.003,sell
2025-06-27 15:18:36.430,2434.44,0.0022,sell
2025-06-27 15:18:36.430,2434.43,0.0022,sell
2025-06-27 15:18:36.430,2434.42,0.0022,sell
2025-06-27 15:18:36.438,2434.41,0.0021,sell
2025-06-27 15:18:36.438,2434.41,0.0022,sell
2025-06-27 15:18:36.438,2434.41,0.0022,sell
2025-06-27 15:18:36.438,2434.41,0.0022,sell
2025-06-27 15:18:36.438,2434.41,0.0022,sell
2025-06-27 15:18:36.438,2434.41,0.006,sell
2025-06-27 15:18:36.438,2434.41,0.0022,sell
2025-06-27 15:18:36.438,2434.41,0.006,sell
2025-06-27 15:18:36.438,2434.41,0.0022,sell
2025-06-27 15:18:36.438,2434.41,0.0022,sell
2025-06-27 15:18:36.438,2434.41,0.0022,sell
2025-06-27 15:18:36.438,2434.41,0.0003,sell
2025-06-27 15:18:36.449,2434.41,0.0019,sell
2025-06-27 15:18:36.449,2434.41,0.0047,sell
2025-06-27 15:18:36.449,2434.41,0.0021,sell
2025-06-27 15:18:36.449,2434.41,0.006,sell
2025-06-27 15:18:36.449,2434.41,0.006,sell
2025-06-27 15:18:36.449,2434.41,0.0022,sell
2025-06-27 15:18:36.450,2434.4,0.0022,sell
2025-06-27 15:18:36.450,2434.4,0.0022,sell
2025-06-27 15:18:36.450,2434.4,0.0022,sell
2025-06-27 15:18:36.450,2434.4,0.0022,sell
2025-06-27 15:18:36.450,2434.4,0.0022,sell
2025-06-27 15:18:36.450,2434.4,0.0021,sell
2025-06-27 15:18:36.450,2434.4,0.0021,sell
2025-06-27 15:18:36.757,2434.39,0.1233,sell
2025-06-27 15:18:36.757,2434.39,0.123,sell
2025-06-27 15:18:36.916,2434.39,0.073,sell
2025-06-27 15:18:37.166,2434.39,0.0093,sell
2025-06-27 15:18:37.166,2434.39,0.0022,sell
2025-06-27 15:18:37.166,2434.39,0.0022,sell
2025-06-27 15:18:37.166,2434.39,0.0022,sell
2025-06-27 15:18:37.166,2434.39,0.0022,sell
2025-06-27 15:18:37.166,2434.39,0.0022,sell
2025-06-27 15:18:37.166,2434.39,0.0022,sell
2025-06-27 15:18:37.166,2434.39,0.0049,sell
2025-06-27 15:18:37.166,2434.39,0.0021,sell
2025-06-27 15:18:37.166,2434.39,0.006,sell
2025-06-27 15:18:37.166,2434.39,0.006,sell
2025-06-27 15:18:37.166,2434.39,0.0022,sell
2025-06-27 15:18:37.166,2434.39,0.0022,sell
2025-06-27 15:18:37.166,2434.39,0.0022,sell
2025-06-27 15:18:37.166,2434.39,0.005,sell
2025-06-27 15:18:37.166,2434.39,0.0049,sell
2025-06-27 15:18:37.166,2434.39,0.0021,sell
2025-06-27 15:18:37.166,2434.38,0.0022,sell
2025-06-27 15:18:37.166,2434.38,0.0022,sell
2025-06-27 15:18:37.166,2434.38,0.0022,sell
2025-06-27 15:18:37.166,2434.38,0.0022,sell
2025-06-27 15:18:37.166,2434.38,0.0022,sell
2025-06-27 15:18:37.166,2434.37,0.0034,sell
2025-06-27 15:18:37.166,2434.37,0.0022,sell
2025-06-27 15:18:37.166,2434.36,0.0022,sell
2025-06-27 15:18:37.166,2434.35,0.0018,sell
2025-06-27 15:18:37.167,2434.35,0.0004,sell
2025-06-27 15:18:37.167,2434.33,0.032,sell
2025-06-27 15:18:37.167,2434.33,0.0022,sell
2025-06-27 15:18:37.167,2434.32,0.003,sell
2025-06-27 15:18:37.167,2434.32,0.0022,sell
2025-06-27 15:18:37.167,2434.31,0.0022,sell
2025-06-27 15:18:37.167,2434.31,0.0022,sell
2025-06-27 15:18:37.167,2434.3,0.1874,sell
2025-06-27 15:18:37.167,2434.3,0.0022,sell
2025-06-27 15:18:37.167,2434.27,0.0022,sell
2025-06-27 15:18:37.167,2434.26,0.0022,sell
2025-06-27 15:18:37.167,2434.25,0.0021,sell
2025-06-27 15:18:37.167,2434.25,0.0022,sell
2025-06-27 15:18:37.167,2434.24,0.03,sell
2025-06-27 15:18:37.167,2434.24,0.0022,sell
2025-06-27 15:18:37.167,2434.23,0.0043,sell
2025-06-27 15:18:37.167,2434.23,0.3321,sell
2025-06-27 15:18:37.169,2434.23,0.0471,sell
2025-06-27 15:18:37.169,2434.23,0.0021,sell
2025-06-27 15:18:37.169,2434.23,0.0022,sell
2025-06-27 15:18:37.169,2434.23,0.0021,sell
2025-06-27 15:18:37.170,2434.2,0.2054,sell
2025-06-27 15:18:37.170,2434.2,0.003,sell
2025-06-27 15:18:37.170,2434.2,0.0022,sell
2025-06-27 15:18:37.170,2434.18,0.0206,sell
2025-06-27 15:18:37.170,2434.18,0.032,sell
2025-06-27 15:18:37.170,2434.18,0.0022,sell
2025-06-27 15:18:37.170,2434.18,0.0022,sell
2025-06-27 15:18:37.170,2434.17,0.0021,sell
2025-06-27 15:18:37.170,2434.17,0.0021,sell
2025-06-27 15:18:37.170,2434.15,0.1233,sell
2025-06-27 15:18:37.170,2434.15,0.0022,sell
2025-06-27 15:18:37.170,2434.14,1.4379,sell
2025-06-27 15:18:37.170,2434.14,0.0021,sell
2025-06-27 15:18:37.170,2434.14,0.0021,sell
2025-06-27 15:18:37.170,2434.13,0.0022,sell
2025-06-27 15:18:37.170,2434.12,0.3792,sell
2025-06-27 15:18:37.170,2434.12,0.3792,sell
2025-06-27 15:18:37.170,2434.12,0.3792,sell
2025-06-27 15:18:37.170,2434.12,0.0021,sell
2025-06-27 15:18:37.170,2434.12,0.0021,sell
2025-06-27 15:18:37.170,2434.11,0.0102,sell
2025-06-27 15:18:37.170,2434.11,0.0022,sell
2025-06-27 15:18:37.170,2434.09,0.0022,sell
2025-06-27 15:18:37.170,2434.08,0.003,sell
2025-06-27 15:18:37.170,2434.08,0.056,sell
2025-06-27 15:18:37.170,2434.04,0.032,sell
2025-06-27 15:18:37.172,2434.08,0.0022,sell
2025-06-27 15:18:37.172,2434.07,0.0022,sell
2025-06-27 15:18:37.172,2434.04,0.0022,sell
2025-06-27 15:18:37.172,2434.04,0.0022,sell
2025-06-27 15:18:37.172,2434.01,0.0021,sell
2025-06-27 15:18:37.172,2434.01,0.0021,sell
2025-06-27 15:18:37.172,2434.0,0.0212,sell
2025-06-27 15:18:37.174,2434.01,0.598,buy
2025-06-27 15:18:37.174,2434.0,0.0048,sell
2025-06-27 15:18:37.174,2434.0,0.0021,sell
2025-06-27 15:18:37.174,2434.0,0.0295,sell
2025-06-27 15:18:37.174,2434.0,0.0022,sell
2025-06-27 15:18:37.174,2433.99,0.0022,sell
2025-06-27 15:18:37.275,2433.98,0.0123,sell
2025-06-27 15:18:37.275,2433.98,0.0022,sell
2025-06-27 15:18:37.275,2433.98,0.0022,sell
2025-06-27 15:18:37.275,2433.98,0.0022,sell
2025-06-27 15:18:37.275,2433.98,0.0022,sell
2025-06-27 15:18:37.275,2433.98,0.0022,sell
2025-06-27 15:18:37.275,2433.98,0.0022,sell
2025-06-27 15:18:37.275,2433.98,0.0022,sell
2025-06-27 15:18:37.275,2433.98,0.0392,sell
2025-06-27 15:18:38.025,2433.98,0.0035,sell
2025-06-27 15:18:38.025,2433.98,0.0022,sell
2025-06-27 15:18:38.025,2433.98,0.006,sell
2025-06-27 15:18:38.025,2433.98,0.006,sell
2025-06-27 15:18:38.025,2433.98,0.0042,sell
2025-06-27 15:18:38.025,2433.98,0.0022,sell
2025-06-27 15:18:38.025,2433.98,0.0022,sell
2025-06-27 15:18:38.025,2433.98,0.0021,sell
2025-06-27 15:18:38.025,2433.98,0.0022,sell
2025-06-27 15:18:38.025,2433.98,0.006,sell
2025-06-27 15:18:38.025,2433.98,0.006,sell
2025-06-27 15:18:38.025,2433.98,0.0021,sell
2025-06-27 15:18:38.025,2433.97,0.0022,sell
2025-06-27 15:18:38.025,2433.97,0.0022,sell
2025-06-27 15:18:38.025,2433.97,0.0022,sell
2025-06-27 15:18:38.025,2433.97,0.0022,sell
2025-06-27 15:18:38.025,2433.97,0.0022,sell
2025-06-27 15:18:38.025,2433.96,0.0022,sell
2025-06-27 15:18:38.027,2433.95,0.0022,sell
2025-06-27 15:18:38.027,2433.94,0.0022,sell
2025-06-27 15:18:38.027,2433.93,0.0022,sell
2025-06-27 15:18:38.108,2433.93,0.5,buy
2025-06-27 15:18:38.171,2433.92,0.0082,sell
2025-06-27 15:18:38.586,2433.93,0.01,buy
2025-06-27 15:18:39.237,2433.93,0.0921,buy
2025-06-27 15:18:39.883,2433.92,0.0032,sell
2025-06-27 15:18:40.030,2433.93,0.0315,buy
2025-06-27 15:18:41.182,2433.92,0.0872,sell
2025-06-27 15:18:41.183,2433.92,0.0042,sell
2025-06-27 15:18:41.183,2433.93,0.0041,buy
2025-06-27 15:18:41.183,2433.93,0.0041,buy
2025-06-27 15:18:41.183,2433.92,0.0042,sell
2025-06-27 15:18:41.497,2433.92,0.0507,sell
2025-06-27 15:18:42.389,2433.92,0.0478,sell
2025-06-27 15:18:42.389,2433.92,0.0022,sell
2025-06-27 15:18:42.389,2433.92,0.0457,sell
2025-06-27 15:18:42.389,2433.92,1.8193,sell
2025-06-27 15:18:42.721,2433.92,0.0042,sell
2025-06-27 15:18:42.721,2433.92,0.006,sell
2025-06-27 15:18:42.721,2433.92,0.006,sell
2025-06-27 15:18:42.721,2433.92,0.0022,sell
2025-06-27 15:18:42.721,2433.92,0.006,sell
2025-06-27 15:18:42.721,2433.92,0.006,sell
2025-06-27 15:18:42.721,2433.92,0.0022,sell
2025-06-27 15:18:42.721,2433.92,0.0022,sell
2025-06-27 15:18:42.721,2433.92,0.0497,sell
2025-06-27 15:18:42.721,2433.92,0.006,sell
2025-06-27 15:18:42.721,2433.92,0.0021,sell
2025-06-27 15:18:42.721,2433.92,0.006,sell
2025-06-27 15:18:42.721,2433.92,0.0022,sell
2025-06-27 15:18:42.721,2433.92,0.0022,sell
2025-06-27 15:18:42.721,2433.92,0.0021,sell
2025-06-27 15:18:42.721,2433.91,0.0022,sell
2025-06-27 15:18:42.721,2433.91,0.0313,sell
2025-06-27 15:18:42.721,2433.9,0.0813,sell
2025-06-27 15:18:42.721,2433.9,0.0022,sell
2025-06-27 15:18:42.721,2433.89,0.0021,sell
2025-06-27 15:18:42.721,2433.89,0.0022,sell
2025-06-27 15:18:42.721,2433.88,0.0022,sell
2025-06-27 15:18:42.721,2433.87,0.0022,sell
2025-06-27 15:18:42.721,2433.86,0.0043,sell
2025-06-27 15:18:42.721,2433.86,0.0022,sell
2025-06-27 15:18:42.723,2433.85,0.0022,sell
2025-06-27 15:18:42.723,2433.85,0.0041,sell
2025-06-27 15:18:42.723,2433.84,0.003,sell
2025-06-27 15:18:42.723,2433.84,0.0294,sell
2025-06-27 15:18:42.723,2433.84,0.0022,sell
2025-06-27 15:18:42.737,2433.83,0.0022,sell
2025-06-27 15:18:42.737,2433.83,0.0021,sell
2025-06-27 15:18:42.737,2433.83,0.0022,sell
2025-06-27 15:18:42.737,2433.83,0.0022,sell
2025-06-27 15:18:42.737,2433.83,0.006,sell
2025-06-27 15:18:42.737,2433.83,0.0022,sell
2025-06-27 15:18:42.737,2433.83,0.006,sell
2025-06-27 15:18:42.737,2433.83,0.0022,sell
2025-06-27 15:18:42.737,2433.83,0.0022,sell
2025-06-27 15:18:42.737,2433.83,0.0022,sell
2025-06-27 15:18:42.737,2433.83,0.0022,sell
2025-06-27 15:18:42.737,2433.83,0.0022,sell
2025-06-27 15:18:42.737,2433.83,0.0021,sell
2025-06-27 15:18:42.737,2433.83,0.0041,sell
2025-06-27 15:18:42.737,2433.83,0.0021,sell
2025-06-27 15:18:42.737,2433.83,0.0021,sell
2025-06-27 15:18:42.739,2433.82,0.0022,sell
2025-06-27 15:18:42.739,2433.82,0.0022,sell
2025-06-27 15:18:42.739,2433.82,0.0022,sell
2025-06-27 15:18:42.739,2433.82,0.0022,sell
2025-06-27 15:18:42.739,2433.82,0.0022,sell
2025-06-27 15:18:42.739,2433.81,0.0022,sell
2025-06-27 15:18:42.739,2433.79,0.0022,sell
2025-06-27 15:18:42.739,2433.79,0.0082,sell
2025-06-27 15:18:42.739,2433.79,0.0103,sell
2025-06-27 15:18:42.739,2433.79,0.0055,sell
2025-06-27 15:18:42.739,2433.77,0.0022,sell
2025-06-27 15:18:42.895,2433.77,0.0032,buy
2025-06-27 15:18:43.119,2433.77,0.1142,buy
2025-06-27 15:18:43.436,2433.76,0.0365,sell
2025-06-27 15:18:43.686,2433.77,0.0036,buy
2025-06-27 15:18:43.764,2433.76,0.1535,sell
2025-06-27 15:18:44.726,2433.76,0.031,sell
2025-06-27 15:18:45.760,2433.76,0.0045,sell
2025-06-27 15:18:45.795,2433.77,0.1698,buy
2025-06-27 15:18:45.873,2433.76,0.1255,sell
2025-06-27 15:18:45.873,2433.76,0.0022,sell
2025-06-27 15:18:45.873,2433.76,0.0022,sell
2025-06-27 15:18:45.873,2433.76,0.0022,sell
2025-06-27 15:18:45.873,2433.76,0.006,sell
2025-06-27 15:18:45.873,2433.76,0.0022,sell
2025-06-27 15:18:45.873,2433.76,0.006,sell
2025-06-27 15:18:45.873,2433.76,0.0022,sell
2025-06-27 15:18:45.873,2433.76,0.0021,sell
2025-06-27 15:18:45.873,2433.76,1.4581,sell
2025-06-27 15:18:46.319,2433.76,0.0021,sell
2025-06-27 15:18:46.319,2433.76,0.006,sell
2025-06-27 15:18:46.319,2433.76,0.006,sell
2025-06-27 15:18:46.319,2433.76,0.0022,sell
2025-06-27 15:18:46.319,2433.75,0.0022,sell
2025-06-27 15:18:46.319,2433.75,0.0022,sell
2025-06-27 15:18:46.319,2433.75,0.0022,sell
2025-06-27 15:18:46.319,2433.75,0.0022,sell
2025-06-27 15:18:46.319,2433.75,0.0022,sell
2025-06-27 15:18:46.319,2433.74,0.0022,sell
2025-06-27 15:18:46.320,2433.73,0.0022,sell
2025-06-27 15:18:46.320,2433.72,0.0022,sell
2025-06-27 15:18:46.320,2433.71,0.0022,sell
2025-06-27 15:18:49.323,2433.7,0.009,sell
2025-06-27 15:18:49.983,2433.71,0.1,buy
2025-06-27 15:18:50.392,2433.7,0.0116,sell
2025-06-27 15:18:50.392,2433.7,0.2054,sell
2025-06-27 15:18:50.392,2433.7,0.0022,sell
2025-06-27 15:18:50.392,2433.7,0.0022,sell
2025-06-27 15:18:50.392,2433.7,0.0022,sell
2025-06-27 15:18:50.392,2433.7,0.0022,sell
2025-06-27 15:18:50.392,2433.7,0.0022,sell
2025-06-27 15:18:50.392,2433.7,0.0022,sell
2025-06-27 15:18:50.392,2433.7,0.0022,sell
2025-06-27 15:18:50.392,2433.7,0.0022,sell
2025-06-27 15:18:50.392,2433.7,0.013,sell
2025-06-27 15:18:50.392,2433.7,0.0022,sell
2025-06-27 15:18:50.392,2433.7,0.006,sell
2025-06-27 15:18:50.392,2433.7,0.006,sell
2025-06-27 15:18:50.392,2433.7,0.0219,sell
2025-06-27 15:18:50.392,2433.7,0.0021,sell
2025-06-27 15:18:50.392,2433.7,0.0022,sell
2025-06-27 15:18:50.392,2433.7,0.005,sell
2025-06-27 15:18:50.392,2433.7,0.0001,sell
2025-06-27 15:18:50.392,2433.7,0.0021,sell
2025-06-27 15:18:50.392,2433.69,0.0022,sell
2025-06-27 15:18:50.392,2433.69,0.0022,sell
2025-06-27 15:18:50.392,2433.69,0.0022,sell
2025-06-27 15:18:50.392,2433.69,0.0022,sell
2025-06-27 15:18:50.392,2433.69,0.0022,sell
2025-06-27 15:18:50.392,2433.68,0.0022,sell
2025-06-27 15:18:50.392,2433.67,0.0022,sell
2025-06-27 15:18:50.392,2433.67,0.0043,sell
2025-06-27 15:18:50.394,2433.66,0.1233,sell
2025-06-27 15:18:50.394,2433.66,0.0022,sell
2025-06-27 15:18:50.395,2433.65,0.0022,sell
2025-06-27 15:18:50.395,2433.65,0.0041,sell
2025-06-27 15:18:50.396,2433.64,0.0022,sell
2025-06-27 15:18:50.396,2433.63,0.0022,sell
2025-06-27 15:18:50.396,2433.63,0.0022,sell
2025-06-27 15:18:50.397,2433.62,0.0022,sell
2025-06-27 15:18:50.397,2433.62,0.0021,sell
2025-06-27 15:18:50.397,2433.62,0.0022,sell
2025-06-27 15:18:50.397,2433.62,0.006,sell
2025-06-27 15:18:50.397,2433.62,0.0021,sell
2025-06-27 15:18:50.397,2433.61,0.909,sell
2025-06-27 15:18:50.397,2433.61,0.0319,sell
2025-06-27 15:18:50.397,2433.61,0.0021,sell
2025-06-27 15:18:50.397,2433.61,0.0022,sell
2025-06-27 15:18:50.397,2433.61,0.0021,sell
2025-06-27 15:18:50.407,2433.6,0.003,sell
2025-06-27 15:18:50.407,2433.6,0.0022,sell
2025-06-27 15:18:50.407,2433.6,0.0041,sell
2025-06-27 15:18:50.407,2433.6,0.0021,sell
2025-06-27 15:18:50.407,2433.6,0.006,sell
2025-06-27 15:18:50.407,2433.6,0.0022,sell
2025-06-27 15:18:50.407,2433.6,0.0022,sell
2025-06-27 15:18:50.407,2433.6,0.0022,sell
2025-06-27 15:18:50.407,2433.6,0.006,sell
2025-06-27 15:18:50.407,2433.6,0.0022,sell
2025-06-27 15:18:50.407,2433.6,0.0021,sell
2025-06-27 15:18:50.439,2433.59,0.2795,sell
2025-06-27 15:18:50.442,2433.59,1.2388,sell
2025-06-27 15:18:50.442,2433.59,0.7963,sell
2025-06-27 15:18:50.442,2433.59,0.2135,sell
2025-06-27 15:18:50.442,2433.59,0.2885,sell
2025-06-27 15:18:50.442,2433.59,0.2633,sell
2025-06-27 15:18:50.442,2433.59,0.0022,sell
2025-06-27 15:18:50.442,2433.59,0.0022,sell
2025-06-27 15:18:50.442,2433.59,0.0022,sell
2025-06-27 15:18:50.442,2433.59,0.0022,sell
2025-06-27 15:18:50.442,2433.59,0.0022,sell
2025-06-27 15:18:50.442,2433.59,0.0022,sell
2025-06-27 15:18:50.442,2433.59,0.0021,sell
2025-06-27 15:18:50.442,2433.59,0.006,sell
2025-06-27 15:18:50.442,2433.59,0.0022,sell
2025-06-27 15:18:50.442,2433.59,0.0022,sell
2025-06-27 15:18:50.442,2433.59,0.0022,sell
2025-06-27 15:18:50.442,2433.59,0.006,sell
2025-06-27 15:18:50.442,2433.59,0.0021,sell
2025-06-27 15:18:50.444,2433.58,0.0022,sell
2025-06-27 15:18:50.444,2433.58,0.0022,sell
2025-06-27 15:18:50.444,2433.58,0.0022,sell
2025-06-27 15:18:50.444,2433.58,0.0022,sell
2025-06-27 15:18:50.444,2433.58,0.0022,sell
2025-06-27 15:18:50.444,2433.58,0.0021,sell
2025-06-27 15:18:50.444,2433.58,0.0021,sell
2025-06-27 15:18:50.444,2433.57,0.0022,sell
2025-06-27 15:18:50.444,2433.57,0.0022,sell
2025-06-27 15:18:50.444,2433.57,0.0022,sell
2025-06-27 15:18:50.444,2433.57,0.0022,sell
2025-06-27 15:18:50.446,2433.54,0.0043,sell
2025-06-27 15:18:50.446,2433.53,0.0021,sell
2025-06-27 15:18:50.446,2433.53,0.0022,sell
2025-06-27 15:18:51.199,2433.52,0.0022,sell
2025-06-27 15:18:51.199,2433.52,0.0013,sell
2025-06-27 15:18:51.512,2433.52,0.0009,sell
2025-06-27 15:18:51.512,2433.52,0.0023,sell
2025-06-27 15:18:51.642,2433.53,0.0169,buy
2025-06-27 15:18:51.996,2433.53,0.0258,buy
2025-06-27 15:18:52.541,2433.53,1.3616,buy
2025-06-27 15:18:52.541,2433.53,1.17,buy
2025-06-27 15:18:52.541,2433.53,0.7558,buy
2025-06-27 15:18:53.673,2433.52,0.006,sell
2025-06-27 15:18:53.742,2433.52,0.0033,sell
2025-06-27 15:18:53.742,2433.52,0.0022,sell
2025-06-27 15:18:53.742,2433.52,0.0022,sell
2025-06-27 15:18:53.742,2433.52,0.0021,sell
2025-06-27 15:18:53.742,2433.52,0.0022,sell
2025-06-27 15:18:53.742,2433.52,0.1143,sell
2025-06-27 15:18:53.742,2433.52,0.0062,sell
2025-06-27 15:18:53.742,2433.52,0.0021,sell
2025-06-27 15:18:53.742,2433.52,0.006,sell
2025-06-27 15:18:53.742,2433.52,0.006,sell
2025-06-27 15:18:53.742,2433.52,0.1,sell
2025-06-27 15:18:53.742,2433.52,0.0022,sell
2025-06-27 15:18:53.742,2433.52,0.0021,sell
2025-06-27 15:18:53.742,2433.52,0.0021,sell
2025-06-27 15:18:53.742,2433.51,0.03,sell
2025-06-27 15:18:53.742,2433.51,0.0022,sell
2025-06-27 15:18:53.742,2433.51,0.0022,sell
2025-06-27 15:18:53.742,2433.51,0.0022,sell
2025-06-27 15:18:53.742,2433.51,0.0022,sell
2025-06-27 15:18:53.742,2433.51,0.0022,sell
2025-06-27 15:18:53.744,2433.5,0.0022,sell
2025-06-27 15:18:53.744,2433.49,0.0022,sell
2025-06-27 15:18:53.744,2433.48,0.003,sell
2025-06-27 15:18:53.744,2433.48,0.0022,sell
2025-06-27 15:18:53.744,2433.47,0.0022,sell
2025-06-27 15:18:53.744,2433.46,0.0022,sell
2025-06-27 15:18:53.744,2433.45,0.0022,sell
2025-06-27 15:18:53.744,2433.45,0.0055,sell
2025-06-27 15:18:53.744,2433.45,0.0068,sell
2025-06-27 15:18:53.744,2433.44,0.0102,sell
2025-06-27 15:18:53.744,2433.44,0.0022,sell
2025-06-27 15:18:53.744,2433.43,0.0022,sell
2025-06-27 15:18:53.744,2433.43,0.0041,sell
2025-06-27 15:18:54.114,2433.43,0.0032,buy
2025-06-27 15:18:54.473,2433.42,0.1233,sell
2025-06-27 15:18:54.473,2433.42,0.0022,sell
2025-06-27 15:18:54.473,2433.42,0.0022,sell
2025-06-27 15:18:54.473,2433.42,0.0022,sell
2025-06-27 15:18:54.473,2433.42,0.0021,sell
2025-06-27 15:18:54.473,2433.42,0.024,sell
2025-06-27 15:18:54.473,2433.42,0.0022,sell
2025-06-27 15:18:54.473,2433.42,0.0022,sell
2025-06-27 15:18:54.473,2433.42,0.0021,sell
2025-06-27 15:18:54.473,2433.42,0.006,sell
2025-06-27 15:18:54.473,2433.42,0.006,sell
2025-06-27 15:18:54.473,2433.42,0.05,sell
2025-06-27 15:18:54.473,2433.42,0.0041,sell
2025-06-27 15:18:54.473,2433.42,0.0021,sell
2025-06-27 15:18:54.475,2433.41,0.0022,sell
2025-06-27 15:18:54.475,2433.41,0.0022,sell
2025-06-27 15:18:54.475,2433.41,0.0022,sell
2025-06-27 15:18:54.475,2433.41,0.0022,sell
2025-06-27 15:18:54.475,2433.41,0.0022,sell
2025-06-27 15:18:54.475,2433.41,0.0021,sell
2025-06-27 15:18:54.475,2433.41,0.0021,sell
2025-06-27 15:18:54.475,2433.39,0.0022,sell
2025-06-27 15:18:54.478,2433.36,0.003,sell
2025-06-27 15:18:54.478,2433.36,0.0022,sell
2025-06-27 15:18:54.478,2433.36,0.006,sell
2025-06-27 15:18:54.478,2433.36,0.0021,sell
2025-06-27 15:18:54.478,2433.36,0.0022,sell
2025-06-27 15:18:54.478,2433.36,0.0022,sell
2025-06-27 15:18:54.478,2433.36,0.006,sell
2025-06-27 15:18:54.478,2433.36,0.0022,sell
2025-06-27 15:18:54.478,2433.36,0.0022,sell
2025-06-27 15:18:54.478,2433.36,0.0021,sell
2025-06-27 15:18:54.478,2433.35,0.0022,sell
2025-06-27 15:18:54.478,2433.35,0.0016,sell
2025-06-27 15:18:55.554,2433.36,0.0528,buy
2025-06-27 15:18:55.554,2433.36,0.7631,buy
2025-06-27 15:18:55.762,2433.36,5.0369,buy
2025-06-27 15:18:55.762,2433.36,5.7,buy
2025-06-27 15:18:55.762,2433.36,0.006,buy
2025-06-27 15:18:55.762,2433.36,0.018,buy
2025-06-27 15:18:55.762,2433.36,0.0022,buy
2025-06-27 15:18:55.762,2433.36,0.6879,buy
2025-06-27 15:18:56.009,2433.36,0.006,buy
2025-06-27 15:18:56.009,2433.36,0.0175,buy
2025-06-27 15:18:56.009,2433.36,2.4623,buy
2025-06-27 15:18:56.009,2433.36,0.018,buy
2025-06-27 15:18:56.009,2433.36,2.0,buy
2025-06-27 15:18:56.009,2433.36,0.0023,buy
2025-06-27 15:18:56.009,2433.36,0.0088,buy
2025-06-27 15:18:56.009,2433.36,0.006,buy
2025-06-27 15:18:56.009,2433.36,0.006,buy
2025-06-27 15:18:56.009,2433.36,0.0021,buy
2025-06-27 15:18:56.009,2433.36,0.0022,buy
2025-06-27 15:18:56.009,2433.36,0.0022,buy
2025-06-27 15:18:56.009,2433.36,0.0022,buy
2025-06-27 15:18:56.009,2433.36,0.0022,buy
2025-06-27 15:18:56.009,2433.36,0.0022,buy
2025-06-27 15:18:56.009,2433.36,0.0021,buy
2025-06-27 15:18:56.009,2433.37,0.0022,buy
2025-06-27 15:18:56.009,2433.37,0.0021,buy
2025-06-27 15:18:56.009,2433.37,0.0022,buy
2025-06-27 15:18:56.009,2433.37,0.0022,buy
2025-06-27 15:18:56.009,2433.38,0.0022,buy
2025-06-27 15:18:56.009,2433.39,0.0022,buy
2025-06-27 15:18:56.009,2433.4,0.0022,buy
2025-06-27 15:18:56.009,2433.4,0.0021,buy
2025-06-27 15:18:56.009,2433.41,0.0022,buy
2025-06-27 15:18:56.009,2433.41,0.0022,buy
2025-06-27 15:18:56.009,2433.42,0.0021,buy
2025-06-27 15:18:56.009,2433.42,0.0022,buy
2025-06-27 15:18:56.009,2433.42,0.0021,buy
2025-06-27 15:18:56.009,2433.42,0.0021,buy
2025-06-27 15:18:56.009,2433.43,0.628,buy
2025-06-27 15:18:56.009,2433.43,0.1035,buy
2025-06-27 15:18:56.009,2433.43,0.0022,buy
2025-06-27 15:18:56.009,2433.43,0.0044,buy
2025-06-27 15:18:56.009,2433.43,0.0021,buy
2025-06-27 15:18:56.009,2433.43,0.0258,buy
2025-06-27 15:18:56.009,2433.43,0.0024,buy
2025-06-27 15:18:56.009,2433.43,0.0021,buy
2025-06-27 15:18:56.009,2433.44,0.0022,buy
2025-06-27 15:18:56.009,2433.45,0.0022,buy
2025-06-27 15:18:56.009,2433.46,0.0022,buy
2025-06-27 15:18:56.009,2433.48,0.0022,buy
2025-06-27 15:18:56.009,2433.49,0.0021,buy
2025-06-27 15:18:56.009,2433.49,0.0022,buy
2025-06-27 15:18:56.009,2433.49,0.0024,buy
2025-06-27 15:18:56.009,2433.5,0.0021,buy
2025-06-27 15:18:56.009,2433.5,0.0022,buy
2025-06-27 15:18:56.009,2433.5,0.0021,buy
2025-06-27 15:18:56.009,2433.51,0.0021,buy
2025-06-27 15:18:56.009,2433.51,0.0021,buy
2025-06-27 15:18:56.009,2433.53,0.041,buy
2025-06-27 15:18:56.009,2433.53,0.041,buy
2025-06-27 15:18:56.009,2433.53,0.041,buy
2025-06-27 15:18:56.009,2433.53,0.5309,buy
2025-06-27 15:18:56.009,2433.54,0.4533,buy
2025-06-27 15:18:56.009,2433.54,0.0021,buy
2025-06-27 15:18:56.009,2433.54,0.0021,buy
2025-06-27 15:18:56.011,2433.55,0.0199,buy
2025-06-27 15:18:56.011,2433.55,0.0021,buy
2025-06-27 15:18:56.011,2433.55,0.0021,buy
2025-06-27 15:18:56.011,2433.57,0.0024,buy
2025-06-27 15:18:56.028,2433.6,0.5127,buy
2025-06-27 15:18:56.028,2433.6,0.2689,buy
2025-06-27 15:18:56.028,2433.6,0.0022,buy
2025-06-27 15:18:56.028,2433.6,6.3,buy
2025-06-27 15:18:56.028,2433.6,0.006,buy
2025-06-27 15:18:56.028,2433.6,0.006,buy
2025-06-27 15:18:56.028,2433.6,0.0125,buy
2025-06-27 15:18:56.028,2433.6,0.0021,buy
2025-06-27 15:18:56.028,2433.6,0.0581,buy
2025-06-27 15:18:56.028,2433.6,0.041,buy
2025-06-27 15:18:56.028,2433.6,0.0045,buy
2025-06-27 15:18:56.028,2433.6,0.041,buy
